2704 4954
226 386 381 474 upnnn
402 387 446 454 nu
468 387 622 455 notato.
648 387 686 456 o.
705 367 766 455 'vr
792 385 999 456 v.o-1o.
1075 387 1156 459 ooo

84 561 230 640 cornutis,
264 577 338 637 quae
363 563 451 622 lolam
476 563 543 621 l'ere
575 561 663 622 vitam
691 561 882 624 chrnnanan
914 557 965 642 (Iu
999 559 1158 639 πνεύματι

83 666 194 742 cotom)
223 665 262 721 ad
282 663 422 724 beneflcio
445 664 622 738 potissimum
642 665 808 724 doctoribus
835 663 995 724 mhibenda
1021 668 1159 748 reterent,

82 765 240 840 Apostolus
260 781 403 841 nonquam
425 767 491 824 alibi
512 783 583 826 usus
604 771 663 844 est,
684 782 844 841 quanquam
864 766 940 841 lponc
962 766 1158 828 liberalitatem

81 863 293 925 commendavit
317 869 345 926 I.
362 869 447 928 corr.
466 869 500 946 9,
516 867 547 926 6.
567 882 631 946 app.
678 867 745 927 Noc
765 867 825 927 ullo
850 871 961 926 constat
986 869 1157 947 testimonio,

80 967 156 1042 quod
178 967 306 1027 nonnulli
326 967 470 1042 Koppio
497 967 654 1042 praeeunte
680 971 879 1046 coniecerunt,
905 969 1024 1028 Galatas
1050 971 1156 1030 admo·

80 1071 149 1130 dnm
169 1083 276 1129 avaros
296 1069 382 1128 immo
404 1065 537 1128 crudeles
562 1086 597 1130 se
617 1073 747 1148 gessisse
773 1086 848 1149 erga
873 1072 1016 1131 doctores
1065 1071 1156 1132 Immo

78 1171 171 1230 verba
196 1187 225 1228 v.
246 1169 274 1229 d.
302 1187 338 1230 eo
359 1187 447 1230 sensu
469 1187 553 1246 quem
573 1188 661 1245 supro
681 1173 871 1248 explicuimus
891 1172 1035 1232 intellecta
1056 1189 1156 1249 oppo-

76 1278 197 1333 nuntur
216 1271 257 1332 dli
281 1271 327 1350 (v.
340 1270 389 1351 4.)
411 1268 568 1352 καύχημα
587 1267 674 1354 ἔχειν
695 1271 737 1344 cic
758 1269 817 1336 τόν
837 1274 952 1352 ἕτερον.
1003 1275 1066 1342 Quo
1087 1274 1156 1350 qni-

76 1377 146 1435 dem
166 1375 297 1448 opposito
319 1373 463 1434 enuntiato
482 1377 561 1435 redit
583 1375 741 1448 Apostolus
761 1393 791 1435 r.
805 1376 833 1436 7.
855 1392 916 1450 sqq.
937 1374 975 1434 ad
996 1391 1060 1435 eam
1081 1393 1154 1436 seu-

75 1478 232 1536 tentiamm
254 1477 376 1553 seriem,
399 1491 484 1550 quarn
505 1491 534 1533 v.
556 1475 587 1536 ³.
606 1477 636 1536 4.
657 1473 689 1538 5.
711 1477 910 1554 cognovimus.
953 1478 1005 1536 Sic
1025 1493 1155 1538 evanes-

75 1583 149 1638 cunt
168 1578 362 1657 difficultates,
381 1596 453 1656 quas
471 1575 582 1640 initium
598 1578 747 1638 commatis
767 1578 798 1638 7.
819 1579 1010 1638 Rnokerto
1031 1579 1153 1654 aliisque

71 1677 278 1754 interpretibus
298 1681 417 1756 peperit
458 1682 499 1740 V.
520 1680 548 1740 7.
570 1673 636 1760 Mo}
661 1679 873 1740 πλανᾶσθε
894 1684 950 1738 etc.
991 1680 1154 1740 anitioris
1220 1744 1224 1752 ,

73 1787 123 1844 est
142 1783 267 1843 sermoni
282 1781 486 1855 Apostolorum
503 1785 586 1841 torm.
606 1775 654 1862 μὴ
680 1781 866 1841 πλανᾶσθε.
887 1797 927 1840 ne
947 1783 1152 1862 dcciptoonot,

73 1882 128 1943 ubi
153 1899 219 1944 oum
251 1884 397 1961 gravitete
422 1883 563 1960 singulari
588 1883 756 1942 sententium
782 1881 953 1941 enuntiaturl
982 1889 1061 1960 snut,
1093 1895 1151 1960 qua

71 1987 200 2044 lectoren
231 1991 389 2044 evocentur
416 1991 444 2044 ct
474 1985 672 2044 deterreantur
705 1982 741 2042 si
768 1997 869 2043 errore
894 1985 1070 2061 pernicioso,
1102 1984 1151 2045 cni

71 2085 166 2146 focile
196 2085 308 2160 possint
332 2086 501 2164 indulgere,
538 2085 568 2146 I.
585 2089 670 2146 Com.
689 2089 722 2165 6,
741 2087 772 2144 9.
791 2087 845 2165 15,
864 2088 916 2146 33.
948 2086 979 2147 I.
997 2088 1048 2146 Ic.
1068 2089 1103 2166 3,
1118 2090 1150 2146 7.

72 2183 257 2268 Jao.1,lo.
300 2187 470 2247 Cavendum
490 2201 557 2246 esse
579 2189 663 2250 docet
679 2189 711 2258 Ρ.
732 2203 769 2247 ne
790 2186 854 2263 quis
874 2202 908 2246 se
926 2187 991 2260 ipse
1011 2187 1150 2265 decipiat,

72 2305 164 2366 quum
191 2305 245 2348 suo
271 2287 378 2350 sinon
405 2285 552 2363 superbiat
579 2288 626 2367 [v.
647 2285 678 2347 t.
699 2285 766 2368 tt),
791 2290 830 2349 dc
856 2287 936 2348 villis
961 2289 1022 2346 suis
1048 2269 1150 2362 perum

74 2389 185 2449 nihilve
206 2389 330 2468 cogitet,
355 2391 447 2465 iisqne
473 2406 558 2463 porro
579 2391 748 2468 indulgeat,
774 2403 897 2450 securus
921 2389 1152 2450 animadversio·

80 2487 126 2550 nis
144 2489 267 2552 diuinae.
309 2491 394 2550 nnn
416 2489 530 2570 (aunt)
551 2493 607 2552 ridi
627 2493 714 2550 dludi
733 2507 797 2550 nort
813 2495 940 2568 politur.
988 2493 1032 2553 M
1038 2509 1149 2567 υκιη·

77 2589 200 2672 ptrue
228 2591 274 2672 (ln
299 2593 339 2654 Ν.
358 2593 394 2652 F.
424 2582 518 2668 ἅπαξ
542 2586 734 2671 λεγόμενον)
760 2607 804 2665 pr.
837 2605 910 2650 naso
935 2593 1051 2651 adnm
1077 2607 1150 2652 sns-

73 2696 217 2774 pcnderc,
241 2695 378 2756 universe
397 2693 418 2753 l.
440 2711 466 2770 q.
494 2694 628 2754 deridere
647 2693 785 2770 aliquem,
806 2695 923 2752 Sextus
944 2695 1061 2770 Eropir.
1083 2698 1151 2758 ude.

71 2811 199 2872 prm.
221 2811 247 2856 e.
263 2798 315 2857 to.
341 2795 535 2857 illucente.
550 2799 586 2877 t,
599 2797 658 2855 84
678 2796 777 2856 nxx.
805 2795 964 2856 Procerdd.
976 2796 1010 2877 1,
1028 2798 1082 2855 dd.
1095 2797 1151 2876 16,

74 2899 173 2958 md.
200 2901 312 2958 Jereoe
322 2899 423 2977 dost.
448 2897 545 2957 trebrr.
575 2908 655 2988 rme„
679 2893 753 2980 izi„
782 2909 857 2988 ltdi-
896 2897 987 2970 Apud
1009 2899 1151 2969 anrncttt.

84 3005 169 3086 »stin
190 3003 268 3062 orat.
292 2999 390 3080 VIII,
403 3000 437 3079 6,
464 3002 503 3075 3.
516 3001 569 3059 59.
590 3001 635 3057 ed.
652 2999 746 3056 Wott.
768 2999 802 3056 Τ.
813 2999 853 3056 11.
879 3013 908 3070 p.
925 2997 997 3056 m.
1024 3017 1150 3079 μυκτη·

110 3096 195 3184 σμδς
215 3101 363 3161 definitur:
391 3101 586 3160 dissimulatus
613 3101 728 3175 quidem
749 3102 801 3159 sed
829 3115 885 3159 non
910 3101 1002 3159 latens
1026 3099 1151 3159 derisus.

120 3226 151 3257 o:
180 3203 255 3282 (sit)
277 3219 334 3264 non
354 3205 507 3280 permittit,
526 3211 557 3262 ut
576 3203 632 3262 sibl
652 3201 804 3261 irridentur
826 3201 1080 3278 (quemadmodum
1100 3193 1148 3282 μὴ

140 3305 157 3320 ”
179 3308 297 3366 Booten.
313 3305 449 3384 12,21..·
470 3321 507 3363 ne
527 3303 607 3362 vinci
626 3308 656 3362 te
676 3303 808 3380 patieris,
835 3305 864 3363 I.
877 3304 1051 3382 certost.
1073 3296 1150 3360 nido-

159 3416 223 3466 or:
244 3407 376 3466 iniuriam
397 3407 535 3479 patienter
556 3406 669 3483 ferre),
693 3404 712 3463 i.
733 3420 760 3463 e.
786 3417 843 3462 non
868 3405 974 3477 patitur
994 3407 1150 3476 praecepta

200 3507 433 3567 comminationes
453 3503 538 3583 parvi
558 3507 673 3584 haberi,
702 3503 778 3581 qnod
805 3505 826 3563 ll
853 3505 977 3579 fuciunt,
1003 3503 1052 3577 qni
1072 3503 1151 3562 villis

172 3636 175 3641 Δ
202 3609 368 3687 indulgent,
389 3607 443 3669 sibl
464 3610 623 3686 piscentes,
642 3611 777 3682 nuquam
798 3605 823 3664 si
844 3609 924 3665 Deus
944 3605 991 3662 vel
1011 3604 1151 3680 ignorare

188 3712 277 3770 ullum
297 3711 419 3769 hominis
439 3715 601 3788 peecatum,
620 3711 668 3769 vel
681 3711 804 3783 nequeat
820 3709 914 3764 omnia
926 3705 1036 3778 punire.
1070 3705 1151 3764 Son-

209 3828 295 3889 quom
321 3813 389 3870 huie
415 3815 499 3872 elfato
526 3813 621 3871 inesse
645 3813 798 3874 votuerunt
830 3809 994 3867 Ambros.
1020 3803 1151 3882 [nemini

221 3919 266 3992 xl,
285 3916 347 3975 Deo
364 3914 547 3987 imposturam
568 3912 633 3973 lieri
652 3929 709 3972 non
729 3911 834 3989 posse]
858 3913 887 3968 ct
908 3907 1048 3967 Oscum.
1070 3899 1150 3983 (οὐκ

289 4018 411 4091 proheta
430 4015 516 4075 etism
536 4017 698 4092 Borgero
720 4020 748 4072 et
768 4013 915 4070 Flottlor
937 4010 1029 4069 neon
1050 4007 1151 4066 iustis-

276 4119 419 4177 ordscinm
440 4118 542 4177 fellere
569 4133 625 4176 non
653 4118 770 4190 potestis
798 4111 1030 4171 excusationibus
1057 4109 1151 4186 t’anls,

287 4221 421 4295 «plicita
440 4221 576 4294 spectatis
596 4225 676 4279 reete
705 4218 869 4277 vindicetur
896 4213 1070 4288 dubitemus,
1097 4208 1152 4271 etsi

844 4291 940 4360 38*
