2726 4956
234 419 316 491 338
399 419 555 512 Epistola
576 422 620 488 nd
635 417 798 490 ¹Galatas.
822 415 861 490 0.
875 419 904 490 l.
925 419 970 492 V.
989 415 1049 488 11.
1066 417 1123 490 tt.

1347 543 1348 582 t

232 599 304 659 riam
311 641 321 677 ,
345 613 419 674 quae
441 600 474 659 C.
494 601 519 658 L
541 603 570 658 et
586 596 628 659 11.
648 600 849 671 pertractatur.
892 595 999 657 Contra
1016 593 1190 656 adversarios
1210 607 1273 652 auc·

233 700 375 760 toritatem
403 703 579 761 demonstrat
602 701 805 776 apostolicam,
830 699 883 758 sibi
909 717 1021 774 qnoque
1050 699 1115 758 olim
1154 699 1276 754 adversa-
1347 705 1348 744 l

232 803 276 863 rio
305 804 535 863 Christianorum
567 803 710 862 acerrimo
741 801 820 860 haud
851 803 1064 878 denegandam,
1101 801 1197 875 qnippe
1227 799 1275 872 qui,

233 906 330 982 gratia
349 907 482 964 Numinis
501 907 611 965 Summi
639 907 761 964 volente
771 911 800 962 et
823 907 1003 980 moderante,
1023 921 1075 978 per
1095 903 1182 976 ipsum
1201 900 1277 958 Clui-

232 1012 306 1066 dum
328 1023 488 1067 conversus
507 1009 611 1066 fuisset
631 1012 661 1066 et
680 1011 801 1068 vocatos
821 1009 860 1066 ad
880 1007 1056 1081 provinciam
1077 1003 1202 1078 Apostoli
1220 1018 1277 1058 sus

234 1111 410 1187 cipiendam,
442 1109 618 1170 rereladonc
650 1110 749 1169 divina
782 1109 900 1171 uberius
934 1111 1070 1186 edoctus,
1102 1111 1137 1166 ab
1169 1104 1279 1164 omnibus

233 1213 338 1271 ceteris
358 1213 432 1271 Jesn
450 1213 555 1289 legatis
575 1213 702 1289 agnitus.

317 1306 361 1376 V.
388 1309 450 1375 11.
475 1307 537 1375 ld.
579 1311 605 1375 I
608 1311 731 1400 ’νωρίζω
753 1311 789 1377 δὲ
808 1303 906 1398 ὑμῖν,
928 1305 1068 1401 ἀδελφοί
1074 1353 1084 1386 ,
1113 1301 1150 1373 τὸ
1171 1299 1279 1388 etiopqc'-

273 1413 345 1479 λιον
374 1409 412 1478 τὸ
443 1407 678 1499 ιύαγγελισθὲν
705 1408 757 1480 ὑπ’
789 1414 870 1500 ἐμοῦ
876 1457 886 1490 ,
921 1405 973 1480 ὅτι
1003 1407 1064 1480 οὐκ
1092 1409 1177 1477 ἔστιν
1210 1397 1280 1472 κατὰ

275 1510 470 1600 ἄνθρωπον.
510 1520 560 1596 (v.
583 1513 657 1603 12.)
689 1513 786 1584 'ocos
813 1512 877 1606 γὰρ
907 1513 966 1602 ἐγὼ
992 1509 1085 1606 παρὰ
1116 1505 1281 1598 ἀνθρώπου

272 1620 459 1708 παρέλαβον
480 1613 563 1685 αὐτὸ
589 1613 664 1686 οὔτε
678 1615 873 1707 ἐδιδάχθην·
896 1614 980 1686 ἀλλὰ
999 1613 1048 1688 δι”
1065 1614 1282 1704 ἀποκαλύψεως

268 1715 382 1802 Ἰησοῦ
409 1721 571 1810 Χριστοῦ.
638 1783 650 1792 .

1347 4383 1348 4419 l

317 1829 400 1897 Quod
420 1830 528 1887 Paulus
558 1845 586 1888 r.
608 1825 638 1886 7.
665 1829 881 1903 adtimraverat,
914 1827 1074 1886 doctrinam
1100 1827 1194 1902 adam,
1223 1835 1284 1896 quot

232 1923 418 2009 εὐαγγέλιον
439 1936 520 1989 recte
540 1931 668 2006 dicatur,
689 1931 795 1987 millam
816 1946 883 1988 esse
903 1934 1021 2002 praeter
1042 1945 1123 2004 eom,
1144 1925 1283 2004 quantia-

230 2031 305 2088 iatae
331 2033 368 2090 ab
393 2032 457 2106 ipao
483 2031 663 2108 acceperint,
689 2033 812 2106 amplius
838 2033 979 2090 asseritur
1012 2031 1184 2090 declaranda
1212 2025 1284 2084 huius

231 2133 378 2191 doctrinae
404 2135 518 2210 origine
547 2135 643 2192 nona
668 2151 697 2192 v.
720 2133 773 2195 11.
802 2133 981 2213 propotu
996 2117 1050 2194 'ot
1079 2139 1132 2192 etc.
1183 2129 1285 2188 arruns

231 2235 407 2293 sollicitanda
427 2236 571 2308 scriptura
597 2236 679 2311 vulg.
702 2231 719 2294 d
726 2231 750 2295 1.
800 2235 892 2295 Recte
918 2237 995 2294 enim
1024 2237 1069 2296 sic
1096 2233 1219 2310 ponitur,
1247 2226 1287 2286 ubl

232 2337 321 2394 oratio
349 2337 387 2394 ad
420 2338 589 2394 sententiam
621 2337 735 2414 transit,
771 2354 859 2413 qnae,
891 2340 1025 2412 quamvis
1050 2343 1131 2398 arcte
1150 2331 1287 2394 cohaereat

229 2439 360 2511 proxime
379 2441 625 2514 antecedentibus,
660 2439 800 2516 singulari
820 2445 915 2498 temen
935 2442 1032 2502 studio
1053 2439 1205 2516 separatim
1224 2447 1286 2491 coo-

230 2539 383 2599 sideranda
404 2547 448 2600 est
467 2557 504 2599 ac
525 2541 738 2618 distinguenda.
781 2542 863 2611 Quod
894 2543 922 2600 ln
950 2543 1036 2601 codd.
1066 2547 1192 2604 Olorem.
1218 2535 1283 2606 App.

230 2643 374 2702 licernes.
394 2644 424 2701 in
444 2659 537 2702 verse.
561 2645 648 2719 Vre-ip.
671 2649 700 2703 et
720 2646 760 2704 rt.
790 2648 818 2702 et
844 2645 921 2718 apud
947 2649 1048 2716 patr-es
1075 2645 1211 2721 quostiam
1229 2635 1286 2694 lati-

230 2758 284 2800 nos
310 2745 417 2820 legitur
438 2737 515 2821 γὰρ
543 2745 591 2821 (v.
613 2747 664 2803 10.
687 2746 738 2804 12.
760 2745 809 2804 13.
831 2748 934 2804 iterata
953 2747 1023 2804 vice
1045 2747 1180 2823 obvium)
1206 2736 1285 2812 origi-

229 2861 294 2903 nem
326 2846 431 2905 debere
461 2847 576 2905 videtur
608 2849 789 2924 glossemati‚
830 2863 885 2922 quo
917 2848 1030 2908 librarii
1062 2864 1169 2908 nexum
1197 2861 1224 2901 u.
1245 2837 1286 2896 1¹·

230 2963 295 3006 cnm
317 2947 592 3007 tonsurandum
614 2950 816 3008 existimarent.
858 2951 997 3026 Dignitatl
1026 2967 1159 3010 summae
1178 2947 1233 3019 rei,
1256 2940 1286 2996 tlt

230 3065 286 3126 qua
306 3066 401 3108 sermo
429 3055 488 3128 est,
514 3052 669 3125 primariae
697 3045 930 3130 (εὐαγγελίου)
960 3053 1157 3112 declarandae
1184 3042 1288 3108 inservii

228 3155 380 3214 verborum
401 3154 526 3212 inversio
551 3154 622 3229 (ctr.
643 3155 722 3215 Acti.
735 3157 789 3234 13,
804 3157 856 3213 32.
879 3157 907 3214 1.
923 3158 1008 3214 Gerr.
1020 3159 1056 3236 7,
1072 3159 1125 3237 17.
1152 3154 1199 3218 Π.
1213 3151 1287 3211 oon·

230 3257 285 3333 12,
306 3257 358 3332 7.)
380 3254 518 3333 γνωρίζω
539 3246 615 3336 ὑμῖν
641 3249 676 3316 τδ
706 3249 893 3332 εὐαγγέλιον
919 3262 973 3315 etc.
1000 3273 1072 3330 prot
1100 3277 1192 3338 yvnrp.
1213 3243 1288 3332 ipo,

229 3343 281 3417 Sat
304 3352 339 3416 co*
369 3351 552 3435 εὐαγγέλιον
579 3355 674 3438 ἐμοί’,
705 3351 761 3416 οὐκ
788 3352 875 3418 ἔστιν
902 3363 957 3416 etc.
1005 3359 1065 3416 Vb.
1096 3350 1289 3436 γνωρίζειν

228 3458 310 3534 19111Ι
331 3461 467 3531 profanos
493 3460 564 3541 iq.¹
585 3451 758 3534 γινώσκειν
790 3459 955 3536 intelligere
978 3477 1003 3520 s.
1034 3475 1201 3538 agnoscere
1227 3453 1289 3529 [ttr-

229 3561 371 3636 llorger
392 3562 430 3619 ad
449 3559 478 3618 lr.
500 3561 553 3638 l),
578 3561 608 3618 in
630 3577 763 3620 sermone
783 3577 892 3638 graeco
919 3561 957 3620 N.
984 3563 1031 3620 F.
1048 3567 1079 3620 et
1108 3560 1203 3622 1.le
1222 3549 1291 3616 haud

227 3677 294 3720 raro
314 3659 334 3720 l.
356 3679 383 3736 q.
404 3665 556 3740 indicare,
591 3669 694 3723 notum
718 3663 839 3744 facero,
873 3665 938 3722 sive
964 3679 1026 3721 rem
1053 3679 1178 3736 prorsus
1198 3669 1290 3719 noran

227 3765 400 3840 patefacias,
433 3766 497 3822 sivo
525 3767 669 3840 cognitam
695 3763 725 3824 in
759 3766 923 3824 memoriam
960 3781 1086 3825 revoces
1121 3767 1292 3833 animumque

226 3867 264 3922 ad
292 3883 356 3926 eam
382 3868 537 3940 praecipue
563 3869 669 3924 reddas
696 3873 847 3942 attentum,
880 3867 978 3926 dxx.
995 3871 1160 3928 mcccc.
1174 3869 1229 3942 22,
1245 3862 1289 3919 19·

227 3969 339 4028 uzeca.
351 3971 416 4046 44,
431 3973 484 4028 co.
505 3973 533 4030 r.
548 3973 632 4030 car.
646 3971 699 4045 12,
710 3972 740 4026 e.
765 3971 918 4046 15,1.ai.
962 3969 1107 4046 stantona
1126 3975 1236 4038 muna,
1249 3962 1292 4032 ut

226 4072 324 4148 codis,
350 4067 483 4150 fratrea,
511 4075 678 4132 metricam
705 4073 784 4130 lacta
812 4075 1002 4132 nuntiantem
1030 4091 1050 4131 u
1078 4089 1130 4130 me
1155 4069 1289 4130 troadam

226 4185 288 4228 aton
314 4188 378 4230 ease
405 4175 576 4232 damacena
624 4173 790 4245 Quanquam
823 4168 924 4236 κατὰ
951 4192 994 4248 sq.
1021 4177 1156 4232 accusat
1185 4168 1291 4228 minime

228 4285 345 4330 causam
365 4287 390 4334 s.
417 4279 563 4334 auctorem
588 4274 633 4332 rel
659 4275 816 4354 significat,
839 4257 928 4340 ‘immo
956 4279 993 4338 de
1017 4279 1054 4338 iis
1082 4278 1142 4335 dic.
1164 4286 1236 4348 quac
1254 4267 1289 4324 it⁸
1347 4349 1348 4364 ἶ
