2710 4954
413 394 725 484 Prolegomana.
1024 395 1106 470 980

80 575 188 656 propter
205 569 301 642 tidem
320 567 396 638 Deo
418 567 567 636 habitam
594 565 761 654 promissa
788 564 901 636 divine
927 567 969 638 de
995 567 1105 638 salute

79 679 253 758 posterorum
274 671 456 759 occeperit.
485 670 523 738 G.
538 667 601 756 111,
624 667 767 754 5-1v,
780 666 844 735 21.
887 668 985 745 Quod
1007 693 1107 758 argu.

79 780 193 840 sontum
213 775 261 842 ita
281 773 509 862 persequitur,
537 777 575 837 ut
596 792 638 836 ex
664 768 816 857 pluribus
844 770 1032 859 scripturae
1052 795 1106 840 sa-

79 893 137 940 crae
154 873 193 943 V.
213 875 257 942 Τ.
277 873 361 942 locis
382 875 557 958 ostendat,
578 871 743 938 hominem
766 872 897 938 omnino
918 895 983 940 non
1006 897 1107 964 posse

76 971 133 1061 lege
149 975 353 1046 observanda
373 976 419 1063 (ἐξ
438 974 542 1066 ἔργων
562 969 680 1061 νόμου)
708 974 770 1042 sod
788 973 893 1041 πίστει
918 973 993 1044 Deo
1012 977 1110 1046 reddi

75 1078 236 1162 probatum,
264 1081 469 1168 doceatque,
500 1077 591 1144 illam
628 1098 714 1166 quae
741 1075 913 1144 Abraamo
947 1077 1106 1148 divinitus

77 1181 245 1268 contigisset
277 1181 531 1269 promissionem
558 1179 637 1265 lege
664 1176 819 1246 Mosaios
849 1176 1001 1266 pluribus
1031 1201 1107 1252 nuo·

74 1277 138 1346 colis
155 1291 228 1370 port
249 1283 380 1370 scripta
395 1303 460 1350 nou
476 1279 604 1348 irritam
623 1278 748 1348 factam
767 1301 857 1368 esse,
878 1281 999 1370 quippe
1021 1303 1109 1373 quea

73 1377 213 1467 legislatio
233 1405 277 1453 eo
299 1391 428 1452 tautum
454 1381 593 1451 consilio
616 1382 820 1470 accesserit,
848 1390 887 1450 ut
917 1386 1109 1472 paedagogi

73 1479 156 1552 instar
186 1485 369 1557 severioris
405 1483 625 1555 vitiositatem
658 1486 854 1571 oo'drceret,
886 1504 993 1574 usqne
1030 1489 1109 1556 dnm

73 1579 206 1657 dbrintns'
221 1588 438 1678 adpariturns
460 1592 570 1671 esset,
592 1607 652 1674 per
674 1584 880 1671 doctrinam,
901 1606 988 1675 quae
1009 1587 1109 1658 iidem

72 1683 182 1778 (πίστιν)
209 1691 334 1778 exigit,
359 1687 453 1757 laeta
479 1687 704 1774 nuntiantem,
732 1687 899 1774 promissa
919 1689 1110 1778 antiquiora

72 1797 168 1859 uam
186 1791 382 1882 plenissimo
404 1788 689 1876 comprobantem,
710 1787 753 1854 iis
767 1787 932 1876 omnibus,
953 1791 1009 1879 qui
1026 1791 1108 1860 buc·

71 1905 154 1979 usqne
172 1894 239 1982 legi
262 1899 421 1984 tanquam
443 1891 581 1959 servitio
609 1891 753 1959 fuissent
781 1889 924 1969 addicti,
957 1900 993 1960 et
1024 1913 1109 1982 pne.

70 1997 300 2066 rotominstar
336 1996 535 2084 paedagogo
569 1993 883 2080 obtemperassent,
917 1992 1109 2064 libertatem

69 2087 185 2166 iliorum
214 2097 286 2168 Dei
318 2096 613 2186 (perfectissimum
646 2093 713 2166 Dei
740 2111 907 2184 amorem,
939 2095 1109 2187 fiduciam,

71 2192 271 2291 virtutemque
297 2197 420 2268 laetam
447 2199 526 2264 inde
560 2197 750 2272 oriundam,
779 2217 853 2264 cum
883 2198 1022 2267 servitio
1050 2200 1110 2268 illo

69 2314 117 2364 uon
135 2303 276 2391 emplius
296 2300 578 2385 commutandum)
602 2297 788 2366 vindicans.
835 2297 884 2382 Θ
904 2299 1110 2388 Interpreta-

69 2394 167 2470 tionem
193 2427 277 2472 narr
315 2402 400 2469 ionis
422 2400 465 2471 V·
487 2399 533 2468 Τ.
562 2401 604 2468 do
625 2399 716 2468 Sara
742 2408 778 2469 ot
798 2399 938 2486 Hagaro
959 2402 993 2470 iu
1015 2403 1110 2470 auxi·

68 2493 129 2567 linm
147 2515 265 2593 vocat,
310 2503 383 2590 ogis
410 2503 542 2593 quidem
564 2501 738 2570 Mosaieee
765 2503 913 2571 cultores
941 2526 1017 2570 eum
1038 2503 1110 2572 Ha·

67 2619 131 2682 gere
159 2627 262 2678 serra
295 2606 434 2694 eiusque
471 2603 641 2692 posteris,
676 2603 812 2674 Christo
844 2605 998 2672 addictos
1032 2626 1109 2674 cum

68 2699 137 2770 Sora
153 2729 261 2776 uxore
283 2708 430 2793 ingenue
443 2706 581 2796 eiusque
596 2706 743 2793 pauori·
761 2727 970 2794 comparans,
991 2704 1029 2774 Ο.
1047 2705 1110 2794 lv,

68 2796 216 2878 21-31.
260 2808 433 2899 Denique,
458 2807 512 2874 his
532 2807 769 2895 pertractatis,
794 2809 942 2896 repetita
961 2807 1109 2873 admoni-

68 2901 159 2994 tione,
191 2933 261 3000 qna
299 2909 445 2978 Galatae
486 2909 679 2978 libertatem
717 2931 817 2998 qnam
859 2907 1111 2996 impetraverint

66 2999 183 3078 iliorum
205 3011 277 3080 Dei
296 3009 430 3090 fortiter
450 3019 568 3078 tenere
597 3010 728 3099 sibique
749 3031 772 3076 a
789 3008 985 3076 ‘doctoribus
1013 3008 1110 3077 vanis

67 3103 336 3182 dunnelmensis
356 3111 558 3181 Gltristieuis
579 3109 829 3196 iniungentibus
851 3129 974 3179 cavere
995 3107 1111 3178 iuben·

66 3209 108 3272 lor
125 3211 175 3294 [G.
187 3214 232 3293 V,
249 3213 423 3302 1-12.),
450 3212 567 3282 sedulo
595 3212 793 3280 adhortatur
819 3210 981 3299 Galatas,
1008 3219 1047 3279 nt
1071 3210 1112 3277 li·

67 3300 212 3382 boantem
233 3338 351 3386 veram
364 3316 591 3384 Christianam
608 3314 651 3384 ab
667 3314 725 3380 illo
747 3313 837 3382 vitae
858 3335 983 3398 genere
1006 3313 1113 3382 disso-

65 3403 133 3498 luto,
151 3419 239 3506 quod
261 3417 372 3503 legem
394 3441 524 3486 omnem
546 3439 589 3484 ne
610 3415 819 3504 disciplinam
839 3422 987 3503 spernat,
1007 3417 1113 3503 probe

67 3507 256 3604 distinguant
282 3517 432 3606 (inerunt
458 3519 580 3609 quippo
613 3519 701 3586 inter
732 3515 1113 3585 Etlnnico·(ilrristianos

66 3615 214 3688 mierum
237 3629 410 3708 coetuum,
433 3622 489 3712 qui
509 3642 686 3708 perperam
706 3627 885 3708 utrumqne
907 3640 982 3685 oum
1004 3618 1113 3687 altero

66 3728 296 3810 permutarent,
328 3725 490 3790 offensam
519 3723 609 3800 baud
638 3721 795 3808 exiguam
821 3719 1025 3808 praebentes
1050 3719 1114 3788 Ju-

69 3813 399 3910 darn-christianis),
425 3831 464 3892 ut
485 3845 634 3891 amorem
655 3831 804 3891 mutuum
832 3829 1019 3908 sectentur,
1048 3843 1114 3912 quo

66 3931 164 3990 rmore
184 3925 297 3992 omnia
317 3925 552 3993 contineantur
572 3925 707 3993 virtutis
728 3943 831 3992 verae
852 3929 1055 4011 praecepta,
1077 3932 1116 3991 nt

69 4019 206 4091 sotrum
235 4026 342 4093 malos
370 4026 545 4114 frangant,
574 4027 713 4092 dissidia
740 4032 776 4092 et
802 4025 1035 4094 contentiones
1062 4025 1115 4096 fu·

68 4115 162 4202 gient,
191 4125 403 4197 clementiam
425 4137 461 4197 et
479 4127 718 4195 liberalitatem
745 4133 943 4214 exerceant,
972 4135 1008 4196 et
1035 4151 1115 4220 qno·

69 4217 113 4286 ¹1⁸
130 4233 228 4312 pecto
254 4229 405 4302 homiues
431 4251 509 4299 sese
531 4237 654 4318 gerant
685 4227 779 4298 nulle
805 4227 1060 4300 circumcisione
1082 4239 1117 4300 et

865 4323 916 4400 19
