2726 4956
285 377 439 468 Epistola
460 383 503 450 ad
525 381 1007 464 dalaue.o.111.v.d-tt.
1093 381 1172 452 423

115 557 188 612 eta*
213 554 264 612 Ad
283 555 451 614 sententiam
471 557 552 616 Pauli
564 557 773 618 'illustrandum
800 557 952 630 plurimum
973 557 1092 630 insuper
1114 571 1172 614 vo-

112 657 173 712 lent
201 657 285 713 etlata
312 656 455 714 simillima
481 661 596 718 lienem
620 659 665 736 4,
702 661 753 718 11.
777 675 820 734 ep.
847 663 878 734 9,
903 663 934 716 7.
955 675 999 734 sp.
1035 658 1172 716 Adhibe-

113 760 161 816 iur
192 755 250 815 luae
279 757 310 816 lu
336 775 370 816 re
401 758 484 817 loeus
507 761 547 818 V.
575 759 610 816 ¹1¹.
635 775 664 817 v.
699 758 727 817 8.
786 754 1021 838 Προιδοῦσα
1051 755 1088 820 di
1116 763 1171 816 ete.

112 860 148 918 ln
173 863 286 930 promtu
312 864 374 934 est,
399 856 437 920 di
463 859 491 918 ln.
511 861 531 917 l.
552 860 608 918 uim
630 860 737 918 hebere
762 861 951 933 oopudatirnm
982 863 1171 936 argumente-

112 961 184 1018 tioni
209 961 415 1019 continuandae
446 961 663 1037 inservientem,
689 962 831 1036 totiusque
856 961 998 1020 sermonis
1026 961 1169 1038 insignem

111 1077 180 1120 esse
207 1063 376 1122 brevitatem
412 1079 530 1136 amque
554 1063 746 1121 audaciorem.
800 1062 947 1136 Siquidem
976 1077 1033 1121 nou
1060 1065 1168 1120 tautum

111 1155 149 1222 nl
172 1157 398 1240 apoecdtu'ar
421 1162 506 1240 (rem
532 1167 659 1223 futuram
685 1164 869 1240 praevidere,
895 1164 974 1226 Acer.
987 1168 1018 1241 2,
1028 1164 1081 1224 31.
1102 1164 1169 1224 He-

110 1265 229 1322 rodian.
250 1267 285 1343 7,
305 1267 337 1343 1,
356 1265 451 1344 η),
478 1267 555 1340 qnod
574 1268 612 1340 de
632 1274 755 1326 noctem
774 1267 887 1324 valebat
918 1266 966 1339 qul
986 1269 1099 1324 enatum
1120 1265 1169 1324 di-

109 1365 209 1424 rinum
229 1361 331 1424 litteris
352 1367 546 1445 eousignavit,
566 1371 736 1444 seriptum
755 1369 810 1442 ipsi
830 1367 960 1426 tribuitur
981 1362 1080 1443 (more
1098 1367 1167 1440 qul-
1291 1433 1299 1448 „

108 1465 176 1524 dem
201 1467 334 1540 loquendi
359 1467 436 1526 haud
464 1469 625 1546 lnoognitn,
657 1471 899 1546 illurn.1d,26.
928 1471 1043 1529 llotmu
1061 1471 1094 1545 9,
1116 1467 1167 1526 17.

112 1569 179 1627 nat
204 1572 244 1647 d,
262 1567 356 1646 22],
383 1571 435 1628 sed
455 1571 539 1630 etiam
570 1570 645 1644 quod
670 1571 841 1643 promissmu
866 1572 952 1628 Deru
981 1568 1097 1628 minime
1117 1582 1168 1640 per

109 1669 231 1726 litteram
252 1670 388 1741 arripiam
408 1673 460 1730 sed
480 1672 536 1730 alio
556 1672 740 1730 revelationis
762 1671 846 1730 modo
866 1672 1012 1730 Abraamo
1033 1670 1052 1726 l.
1071 1669 1091 1726 1.
1110 1669 1166 1726 de-

111 1771 189 1828 disse
209 1769 316 1844 iegitur
341 1771 685 1850 (προευηγγελίσατο),
713 1775 865 1847 scripture
885 1773 988 1829 dieitur
1009 1770 1037 1828 el
1057 1769 1167 1842 protnl-

109 1869 198 1937 dese,
220 1872 283 1928 sile
302 1873 396 1944 potius
414 1874 464 1930 ille
483 1875 653 1947 scripturae
673 1880 779 1934 euetor
799 1873 848 1946 qui
862 1874 946 1930 emta
965 1871 1062 1929 divine
1075 1869 1165 1928 ohar-

110 1975 159 2028 tae
177 1973 373 2030 mandaverat
421 1975 540 2046 Proprie
568 1961 735 2044 denudum:
764 1961 870 2034 enetos
894 1963 974 2034 titiana
1000 1975 1168 2047 scripturae

109 2087 217 2130 eomer
241 2072 349 2148 (ναίω
380 2073 520 2153 divinus)
546 2070 605 2157 {qui
627 2078 794 2155 praeridit,
826 2077 928 2134 Deum
952 2079 1054 2150 pedes
1080 2075 1167 2132 nate-

109 2174 185 2232 tibus
210 2175 270 2231 suu
298 2190 354 2232 non
385 2176 559 2248 pertinentes
587 2175 624 2236 od
651 2178 844 2251 posteritatem
879 2177 1017 2236 Armant
1040 2181 1166 2250 propter

107 2274 199 2350 Meos
224 2277 355 2336 deditum
381 2277 437 2335 ridi
459 2281 603 2353 prodetur
630 2281 852 2339 declaraturum
879 2293 943 2335 enne
970 2276 1030 2352 (de
1055 2292 1088 2334 re
1117 2275 1166 2334 illo

107 2377 221 2450 quidem
251 2379 378 2449 tempore
410 2393 466 2451 quo
492 2381 661 2448 andeleium.
689 2378 768 2438 laud.
801 2379 937 2438 edebatur
971 2381 1081 2452 tntum,
1113 2376 1165 2433 sed

108 2483 189 2536 nerra
215 2477 360 2535 voluntate
386 2479 484 2536 divina
508 2480 675 2538 immutabili
709 2481 828 2538 decreta
852 2494 989 2551 praesens
1015 2476 1165 2534 sdhtnetnr

107 2576 301 2656 δικαιοῖ),
337 2581 443 2638 lilerio
478 2583 661 2657 ωωίςηαυϋ
690 2583 839 2656 moenum
872 2595 950 2656 meae
979 2579 1065 2636 nnn
1096 2577 1165 2635 elim

107 2683 232 2739 adnot
250 2679 421 2740 Adruomo:
445 2679 551 2755 [utute
575 2688 686 2758 perte
711 2685 880 2758 eontiupeut
905 2683 1040 2740 ommim
1065 2681 1165 2754 penn-

107 2785 173 2842 dus.
214 2781 310 2840 Nolim
332 2797 395 2839 eum
418 2783 567 2842 Wahlio
589 2784 662 2860 (nir.
681 2787 780 2844 Omnis
800 2786 838 2844 Ν.
854 2784 887 2876 2¹.
908 2785 956 2842 ed.
968 2783 1015 2840 11.
1040 2781 1105 2840 Vol
1115 2781 1163 2838 11.

104 2901 137 2960 p·
162 2883 267 2959 880.)
294 2887 323 2940 et
347 2883 486 2943 Naeuio
514 2885 603 2944 latino
629 2887 785 2957 interprete
816 2881 1056 2955 praepositionem
1081 2877 1166 2936 veriti

106 3003 352 3064 uposvnyy.
374 2983 421 3060 (in
439 2985 478 3044 N.
498 2986 533 3044 ll.
552 2987 644 3045 semel
664 2985 749 3060 obvii,
768 2984 845 3056 apud
865 2984 1012 3042 Philonem
1035 2979 1164 3054 usurpati

107 3086 160 3143 vd.
180 3085 348 3142 Lnesuer
368 3089 443 3146 oden.
466 3065 556 3145 adin
583 3086 630 3165 1.)
656 3086 696 3144 lta
722 3099 846 3160 urgere,
873 3087 905 3142 nt
929 3081 1089 3154 Apostolus
1107 3079 1165 3140 hoe

106 3187 245 3245 nonense
266 3186 459 3264 existimetur,
479 3189 620 3261 promissa
638 3187 689 3244 illa
709 3187 867 3261 contigisse
886 3185 1040 3258 Admeto,
1058 3183 1165 3258 prita-

108 3303 205 3364 puem
223 3293 315 3350 nawa
344 3295 419 3347 esset
446 3292 594 3368 lenaeus,
624 3303 661 3345 ex
689 3289 772 3345 nnius
798 3287 859 3344 rita
884 3289 1006 3344 eventus
1031 3285 1168 3358 penderet

106 3388 307 3460 promissionis
328 3391 365 3447 de
391 3391 529 3448 felicitate
554 3390 687 3466 gentibus
713 3405 767 3461 per
791 3379 867 3448 Ain.
893 3389 999 3446 muns
1040 3385 1167 3461 Etenim,

108 3491 288 3548 nummum
310 3491 467 3548 prodidisse
487 3493 583 3550 verbis
613 3491 718 3550 divinis
744 3491 801 3548 iani
821 3506 909 3561 supra
929 3491 1066 3547 docuerat
1084 3487 1167 3546 Pau-

105 3593 155 3648 lus
176 3607 206 3648 v.
228 3590 256 3647 6.
278 3593 389 3650 ratione
408 3593 486 3650 illius
512 3593 647 3665 temporis
671 3591 784 3668 habite,
811 3607 867 3664 quo
892 3593 965 3648 Ahr.
991 3605 1029 3648 ne
1054 3588 1168 3646 mnne-

104 3695 165 3752 lem
195 3693 309 3766 quidem
333 3693 455 3752 habebat
490 3695 578 3752 tilium
605 3709 643 3752 es
663 3696 784 3768 negare
809 3697 915 3750 natum.
956 3691 1064 3749 Nostro
1084 3699 1168 3744 eom-

107 3799 190 3853 unate
210 3793 268 3852 hoe
283 3797 394 3853 tantum
420 3796 498 3872 agit,
531 3800 564 3853 ut
591 3797 756 3867 comprobet
788 3797 913 3852 testante
938 3793 1000 3863 ipsa
1026 3787 1170 3858 sempter·

105 3911 201 3954 saera
220 3911 271 3952 eos
291 3911 404 3971 omnes,
425 3898 473 3969 qni
495 3893 749 3958 niorthhranml
764 3895 915 3966 lmloentur,
937 3905 1022 3947 veroa
1038 3901 1171 3962 essepo-

104 4005 208 4058 steros
228 3997 375 4071 Abrnami,
397 3999 445 4071 qui
465 4001 527 4056 lieo
546 4013 598 4069 per
621 3993 727 4054 nium
748 3995 902 4052 reddantur
922 3991 1041 4065 probati.
1067 3989 1172 4064 Neque

103 4098 285 4174 promissum
307 4099 432 4156 divinum
452 4098 512 4168 nnn
529 4113 574 4154 vs.
600 4097 744 4154 laudatum
765 4113 799 4154 eo
820 4098 926 4152 larrium
947 4098 1090 4166 tempore,
1116 4105 1173 4165 quo

106 4205 190 4262 Sara
216 4201 339 4260 nondum
367 4204 533 4277 pepererat,
561 4202 613 4258 sed
634 4200 715 4256 etium
736 4197 855 4273 posthae
877 4195 1075 4274 (deuenit,
1098 4189 1171 4270 ts.)
