2802 4956
198 467 251 535 21
570 464 884 554 Prolegomens.

201 638 309 722 (Aeo.
332 634 396 724 17,
410 635 590 722 5-10.),
612 637 766 724 eogitnre
788 634 952 726 potuerit,
972 657 1091 724 pamm
1113 633 1272 722 intelligi.

200 741 270 806 Sed
291 741 397 808 verba
414 739 512 806 Pauli
533 737 619 809 loeis
640 739 756 807 laudd.
779 741 828 807 ita
850 761 888 806 se
908 737 1048 825 habent,
1069 745 1107 804 ut
1129 759 1274 804 accura—
1397 735 1399 802 l

199 843 267 908 tius
289 842 420 910 deliniri
441 849 605 929 nequeat,
627 851 758 928 utrum,
780 841 869 930 qnod
892 839 1015 908 dixerit
1035 842 1070 907 Ῑ.
1088 839 1207 907 Thess.
1230 837 1274 926 2,
1392 839 1399 906 l

202 942 263 1013 18.
286 967 324 1012 se
346 935 460 1020 ἅπαξ
479 949 550 1010 καὶ
573 948 637 1024 δὶς
658 945 807 1015 voluisse
828 945 872 1008 ad
886 942 1097 1008 Christianos
1119 941 1196 1006 illos
1217 963 1277 1008 re·
1398 973 1399 1030 p

199 1045 290 1131 diro,
312 1047 467 1117 Beroeae
487 1045 717 1133 potissimum,
745 1040 792 1114 an*
810 1043 954 1133 posthae
975 1043 1120 1110 Athenis
1150 1050 1185 1110 et
1206 1041 1277 1108 Go-
1398 1081 1399 1114 r

198 1147 301 1214 riuthi
323 1147 497 1215 acciderit.
532 1149 604 1216 Nee
621 1148 732 1226 video,
754 1148 867 1237 quidni
880 1145 1081 1234 Apostolus,
1103 1147 1277 1212 Beroeam

200 1247 392 1336 proiectus,
420 1251 634 1340 aliquamdiu
663 1274 802 1338 sperare
830 1249 995 1339 potuerit,
1027 1245 1206 1314 tumultum
1233 1247 1279 1314 il·

201 1349 269 1416 lum
299 1349 395 1420 brevi
423 1359 574 1440 tempore
602 1351 645 1418 iri
673 1353 912 1442 compositum,
942 1351 1051 1417 donee
1084 1348 1279 1416 adversarii
1391 1420 1393 1428 ,

201 1449 530 1522 Thessalonicenses
567 1453 762 1541 (Aram,
786 1452 870 1538 13.)
902 1453 1071 1520 Beroeam
1106 1449 1277 1518 venirent.

198 1549 234 1638 d)
249 1552 346 1628 (luae
368 1553 496 1625 Paulus
516 1558 552 1630 J.
578 1555 748 1632 Thessall.
762 1555 800 1644 3,
818 1555 851 1624 1.
864 1553 900 1628 2.
923 1553 1116 1650 profitetur:
1140 1549 1193 1620 διὸ
1207 1579 1278 1640 μη·
1397 1583 1400 1636 y

197 1657 267 1725 κε’τι
313 1659 543 1748 στέγοντες
589 1655 1199 1752 εὐδοκήσαμεν’καταλειφθῆναι
1237 1657 1279 1723 ἐν

194 1753 366 1840 Ἀθήναις
390 1757 538 1848 μόνοι,
573 1765 631 1832 καλ
662 1763 920 1858 ἐπέμψαμεν
953 1754 1174 1838 Τιμόθεον
1204 1763 1276 1824 etc.
1387 1791 1392 1841 '.

198 1870 234 1929 et
254 1886 286 1930 v.
304 1859 341 1940 6,
365 1857 442 1952 ὅρη
464 1868 499 1932 δέ
521 1861 683 1943 ἐλθόντος
711 1867 883 1950 Τιμοθέου
905 1857 989 1952 πρὸς
1011 1855 1102 1945 ἡμᾶς
1130 1867 1197 1926 ele.
1225 1881 1279 1924 ex
1392 1897 1400 1960 p

197 1968 365 2031 seatems'a
391 1965 614 2032 Koelslors'
637 1969 680 2032 ad
709 1965 866 2033 Paulum
893 1975 930 2030 et
953 1961 1064 2033 Suam
1089 1961 1279 2028 referenda
1399 1959 1400 2044 ,

198 2065 286 2129 sunt.
338 2065 489 2153 Uterque
517 2065 595 2152 (ait)
623 2066 842 2133 Timotheum
876 2065 1020 2133 Athenis
1049 2061 1277 2133 Thessaloni·
1399 2061 1400 2066 ’

198 2185 262 2230 een
283 2165 471 2252 legaverat.
514 2167 713 2258 Utrumque,
736 2167 878 2236 absente
893 2165 1087 2251 Timotheo,
1111 2165 1276 2232 aliorsum

198 2266 342 2354 abiisse,
364 2269 443 2340 loeo
467 2277 561 2336 eerte
587 2273 623 2339 I.
651 2269 818 2340 Thessall.
836 2265 1006 2357 issa—5.
1029 2289 1093 2334 non
1118 2268 1275 2334 docetur.
1399 2273 1400 2276 ’

197 2368 345 2440 Proinde
375 2370 503 2459 (inquit
533 2370 751 2459 Koehlerus)
779 2395 865 2461 quae
893 2393 926 2438 v.
947 2368 985 2438 6.
1014 2377 1199 2457 sequuntur
1227 2369 1275 2435 de

197 2471 310 2540 reditu
332 2469 507 2542 Timothei
528 2475 571 2544 ad
594 2473 738 2541 Paulum
761 2481 796 2541 et
818 2472 936 2559 Silam,
959 2472 1094 2541 minime
1117 2468 1274 2538 Corinthi

197 2573 270 2660 (ubi
290 2573 419 2642 Paulus
441 2573 536 2640 initio
559 2576 692 2665 quidem
715 2574 821 2648 Silam
845 2575 1002 2641 comiteur
1025 2596 1089 2640 non
1112 2571 1277 2658 habebat,

197 2673 289 2742 Acta
311 2671 373 2759 18,
396 2673 465 2763 5.)‚
496 2679 556 2744 sed
579 2677 723 2781 Atlmnis
746 2677 914 2756 aoeidisse
936 2675 1161 2746 existimanda
1182 2679 1277 2760 sunt,

198 2783 349 2862 tempore
372 2777 511 2864 seriori,
541 2778 636 2845 euius
663 2777 839 2844 historiam
868 2799 933 2843 nou
961 2777 1077 2862 attigit
1105 2797 1277 2842 oommeu-

198 2877 306 2943 tarius
320 2878 449 2948 Lucae.
493 2879 547 2950 De
569 2879 622 2945 his
644 2879 797 2950 omnibus
820 2878 921 2947 aliter
942 2879 1141 2948 iudioanms.
1185 2876 1276 2943 Con-

198 2979 372 3065 eedimus,
394 3001 573 3068 personam
599 2981 633 3047 1.
655 2980 741 3067 plur.
763 2979 916 3066 pluribus
937 2981 1029 3048 loeis
1045 2980 1167 3068 eapitis
1190 2981 1215 3045 1.
1238 2986 1279 3045 et

197 3079 243 3146 ll.
266 3081 363 3169 epist.
386 3083 421 3160 I.
440 3083 609 3151 Thessala
632 3084 676 3156 ed
699 3083 841 3150 eomites
863 3081 974 3169 Pauli,
998 3085 1039 3149 de
1062 3079 1276 3148 institutione
1398 3091 1399 3096 ’

199 3181 558 3262 Thessalonicensiu'm
581 3185 720 3272 egregie
749 3186 906 3273 meritos,
933 3185 1063 3273 pariter
1090 3205 1192 3272 posse
1220 3205 1278 3250 re·
1399 3199 1400 3206 ’

197 3283 281 3350 ferri
303 3293 405 3372 atque
428 3289 471 3352 ad
499 3287 606 3372 ipsum
629 3287 840 3374 Apostolum.
884 3289 1064 3374 Attamen,
1092 3309 1192 3376 quum
1215 3307 1277 3351 ne·

198 3384 320 3456 minem
354 3383 465 3470 fugiat
497 3389 705 3456 consuetudo
740 3387 897 3475 Apostoli
931 3389 1042 3475 (euius
1073 3390 1278 3455 ‹loeumenta
1388 3400 1392 3408 “

198 3486 366 3573 permulta
388 3495 524 3555 ceterae
550 3488 702 3556 eiusdem
731 3488 898 3577 epistolae
927 3490 1117 3576 exhibent),
1148 3491 1190 3554 de
1220 3511 1276 3554 se·
1396 3508 1400 3536 ¹

198 3583 268 3656 met
289 3587 362 3675 ipso
386 3591 483 3655 modo
506 3611 685 3676 personam
701 3590 842 3678 primam
862 3591 1026 3680 pluralem
1045 3594 1152 3679 (more
1165 3590 1277 3656 Grae·

199 3711 327 3776 eorum,
349 3693 405 3780 qui
427 3689 554 3771 Paulo,
581 3691 697 3766 Tarsi
713 3701 792 3760 nato
815 3702 852 3759 et
874 3697 1035 3777 educato,
1059 3695 1150 3759 haud
1171 3691 1276 3760 dubie
1393 3731 1397 3738 ·

198 3793 329 3879 pridem
350 3793 558 3880 innotuerat)
575 3795 673 3864 modo
690 3793 895 3882 singularem
919 3796 1114 3882 usurpandi,
1137 3797 1277 3860 demon-

201 3897 303 3969 strati
324 3895 478 3983 profecto
499 3917 568 3962 non
595 3902 724 3984 potest,
752 3897 880 3986 puerities
900 3896 1027 3964 Pmrlus
1051 3897 1163 3985 eapite
1184 3897 1212 3962 l.
1227 3893 1276 3962 ll.

198 3993 263 4070 lll,
286 3997 385 4064 huius
407 3996 571 4086 epistolae
592 4019 773 4084 personam
794 4001 935 4088 primam
957 3999 1044 4087 plur.
1068 3997 1276 4085 adhibuerit,

200 4104 236 4162 ot
260 4100 372 4196 optem
403 4114 437 4168 et
468 4103 603 4166 constes
635 4100 789 4168 indicari.
838 4101 943 4168 lmmo
973 4121 1011 4166 se
1044 4099 1173 4188 ipsum,
1208 4121 1276 4166 aee
1399 4149 1400 4154 η

202 4195 305 4282 alios,
334 4199 476 4288 intelligi
505 4203 594 4268 haud
624 4202 725 4270 dubie
747 4203 854 4274 voluit
875 4202 1025 4300 pluribus
1047 4201 1151 4287 loeis,
1181 4224 1213 4269 v.
1242 4223 1274 4267 e.

198 4301 232 4368 I.
262 4299 430 4378 Thessali.
451 4305 486 4389 1,
503 4301 541 4380 S,
571 4296 654 4380 ὥστε
675 4302 723 4391 μὴ
742 4307 857 4402 χρείαν
886 4299 999 4394 ἡμᾶς
1026 4303 1142 4393 ἔχειν
1163 4305 1275 4370 λαλεῖν
1394 4321 1398 4328 “
