2758 4956
259 465 335 535 tto
413 467 520 558 Epist.
541 467 568 534 l.
594 470 637 534 ud
660 465 833 538 Thessali.
860 465 899 534 C.
921 464 982 536 lv.
1004 465 1046 534 V.
1071 464 1107 530 7.
1126 461 1163 531 S.

252 646 309 700 tem
330 642 404 720 (boc
425 639 514 720 eninr,
535 659 599 702 cnm
619 643 777 720 plerisque,
804 657 840 702 ex
859 641 995 700 universa
1021 639 1155 698 credonis
1181 639 1296 712 praeced.

252 745 329 803 serie
348 747 462 804 facilius
482 747 609 818 suppleri
628 747 804 822 putaverim,
831 760 915 818 quam
936 758 1001 800 cum
1026 741 1150 798 Peltio
1177 733 1295 818 ἄνθρω-

253 865 316 904 πον
337 846 375 906 ad
395 849 460 905 vbb.
486 863 515 904 v.
536 847 565 904 6.
587 841 663 907 «τὸν
689 839 865 922 α’δελῳόν
886 837 1009 904 aniceti
1031 842 1153 900 reterri:
1180 855 1229 899 non
1245 841 1298 900 ho-

250 947 355 1006 minem
375 949 544 1027 contemnit,
567 949 633 1006 dnm
654 949 738 1004 fratri
758 947 889 1004 iniuriam
909 945 997 1022 tacit]
1018 947 1073 1002 eod
1091 945 1199 1020 Deum,
1216 958 1299 1001 voca-

250 1047 336 1106 tionis
364 1039 535 1128 ἇγιασμόν
562 1050 747 1124 efflagitantis
772 1051 916 1104 auctorem
923 1087 932 1122 ,
958 1046 1040 1102 cuins
1066 1045 1228 1115 interpretes
1249 1061 1299 1101 su·
1356 1063 1357 1106 l

251 1165 324 1208 mus.
372 1151 436 1207 litai
455 1151 533 1208 hand
553 1151 692 1224 diffitear,
720 1149 937 1206 enuntiationem
964 1146 1130 1218 simpliciter
1156 1151 1304 1222 negantem,

251 1265 335 1322 quam
358 1265 422 1308 voc.
444 1244 527 1310 ἀλλὰ
551 1252 688 1326 excipiet,
707 1251 842 1322 subinde,
863 1249 1029 1306 siccatum
1049 1248 1207 1321 definieris,
1229 1247 1304 1304 limi-

251 1351 328 1409 tibus
348 1351 636 1410 circumscribendam
656 1352 763 1408 videri:
785 1365 847 1408 non
867 1357 931 1408 lam
950 1381 984 1392 -
1009 1364 1111 1426 wem,
1132 1366 1157 1404 s.
1178 1365 1234 1407 non
1252 1367 1305 1407 so-

253 1453 327 1530 lunt,
348 1456 421 1528 eed;
445 1453 627 1525 interpretem
653 1456 748 1510 tamen
774 1451 914 1510 eiusmodi
940 1465 1051 1523 quoqne
1077 1449 1151 1506 locis
1176 1463 1307 1522 nunqnam

252 1556 362 1626 oportet
380 1555 532 1629 negligere
552 1555 612 1612 vim
625 1554 776 1612 oratoriam
788 1552 982 1629 (emphasin),
1003 1567 1086 1623 quam
1104 1549 1203 1624 forceo
1218 1565 1310 1607 enun-

251 1653 377 1712 tiationis
396 1656 563 1726 simpliciter
591 1671 702 1732 negans
731 1655 842 1712 babeat.
889 1654 948 1709 Vd.
976 1652 1103 1709 Winer
1132 1651 1312 1712 Gruommlile

252 1761 307 1812 ele.
322 1757 645 1832 evellendum.
688 1757 772 1814 llaud
794 1755 900 1828 exigna
919 1753 1060 1810 sermonis
1081 1754 1219 1828 gravitate
1238 1769 1313 1810 con·
1357 1763 1358 1816 ζ

252 1857 341 1914 tendit
360 1855 532 1932 Apostolus,
558 1858 585 1914 ai
605 1859 669 1930 quis
688 1857 773 1914 bomo
796 1856 976 1914 Christianus
995 1853 1091 1928 legem
1112 1853 1314 1912 sanctimoniae

251 1957 332 2017 nihili
352 1957 470 2033 hebeat,
489 1957 567 2016 bunc
586 1959 662 2032 legis
684 1962 854 2015 contemtum
874 1959 931 2012 tam
952 1956 1118 2031 manifesto,
1145 1959 1201 2013 tam
1219 1957 1314 2027 perti-

251 2059 360 2116 naciter
398 2071 561 2132 repugnare
595 2061 740 2118 voluntati
774 2061 893 2115 divinem
920 2055 1090 2114 christianis
1116 2057 1317 2130 perspicuitate

251 2173 361 2214 simma
380 2161 556 2233 patefactae,
581 2162 612 2214 nt
631 2158 687 2215 hac
707 2159 738 2217 in
753 2174 786 2215 re
808 2159 921 2216 omnino
941 2173 997 2214 non
1017 2173 1113 2215 sermo
1138 2159 1176 2214 sit
1196 2159 1231 2216 de
1257 2177 1317 2215 an-

252 2259 381 2315 ctoritate
401 2259 595 2330 praeceptoria
614 2257 730 2318 hnmani
749 2261 884 2335 neglecta
896 2259 979 2334 (etsi,
997 2259 1072 2316 hane
1092 2259 1213 2334 negligi,
1231 2275 1317 2317 nevnn

252 2358 438 2436 negaverit),
461 2361 514 2417 sed
535 2361 572 2416 de
590 2360 681 2429 ipsios
701 2361 835 2418 Numinis
855 2363 965 2419 Summi
986 2365 1137 2419 contemtu
1179 2361 1239 2416 Cir.
1258 2351 1320 2418 'si-

252 2460 357 2519 militer
383 2459 513 2532 opposite
532 2461 632 2518 litore.
646 2465 678 2540 9,
696 2465 750 2520 37.
778 2464 857 2523 Actt.
870 2469 903 2542 5,
915 2464 951 2520 4.
1000 2463 1035 2520 In
1062 2462 1114 2536 ils,
1141 2475 1215 2533 quae
1232 2476 1326 2533 porro
1358 2486 1359 2520 ;

251 2563 288 2619 de
314 2563 375 2619 ileo
400 2562 601 2635 praedicentur
627 2555 697 2621 τὰν
726 2560 795 2621 καὶ
824 2559 953 2622 δόντα
979 2569 1034 2621 etc.
1067 2568 1096 2621 et
1126 2563 1163 2620 de
1191 2565 1330 2630 consilio,
1358 2561 1359 2572 ¹

253 2676 309 2734 quo
318 2662 476 2734 Apostolus
497 2663 570 2720 baec
589 2664 741 2739 addiderit,
760 2669 790 2723 et
810 2665 847 2722 de
866 2665 932 2720 lect
944 2681 1015 2722 vera
1034 2681 1064 2720 v.
1082 2663 1111 2719 8.
1133 2677 1179 2721 ex.
1201 2665 1331 2735 discep-

250 2766 334 2820 tatur.
383 2764 512 2840 Etenim,
540 2766 659 2836 probata
685 2765 750 2821 lect.
778 2766 893 2840 vulgari
925 2764 980 2830 stc
1008 2757 1138 2845 ἡμᾶς,
1165 2767 1333 2837 quaeritur,

250 2869 344 2924 utrum
363 2853 447 2943 ἥμᾶ
457 2883 473 2930 ς
492 2865 600 2922 rectius
620 2866 658 2923 de
677 2867 821 2939 Apostoln
841 2870 963 2941 sieque
982 2869 1071 2925 aoeies
1092 2865 1135 2940 [s.
1158 2868 1196 2923 de
1218 2868 1335 2924 docto-

252 2966 331 3024 ribus
353 2965 469 3024 cbristt.
494 2967 648 3042 universe]
675 2966 863 3044 intelligatur,
890 2983 963 3040 quae
990 2969 1104 3040 quidem
1125 2968 1337 3040 interpretatio

251 3071 402 3140 propterea
421 3067 452 3126 ln
471 3071 584 3140 promtu
609 3068 702 3143 posita
723 3085 788 3126 esse
809 3070 937 3144 videtur,
964 3069 1040 3141 quod
1069 3070 1135 3126 vbb.
1161 3071 1336 3140 praecedd.

251 3161 311 3226 οὐκ
332 3159 512 3245 ἄνθρωπον
532 3163 656 3242 ἀθετεῖ,
677 3175 709 3228 ut
728 3171 812 3228 modo
833 3169 973 3245 vidimus,
999 3169 1037 3226 ad
1062 3169 1198 3227 doctores
1227 3185 1340 3228 even-

249 3268 320 3342 gelii
346 3271 519 3344 respiciunt3
546 3287 583 3328 an
604 3271 775 3330 omninode
799 3275 934 3330 munibus
957 3273 1241 3346 ebroicensem,
1275 3289 1342 3345 quio

249 3381 337 3425 sensu
356 3367 423 3440 Ap·
439 3384 468 3424 v.
490 3369 520 3425 7.
540 3369 665 3428 eneae
692 3365 841 3432 ἐκάλεσεν
868 3363 959 3447 ἡμᾶς
979 3367 1056 3428 etei
1104 3372 1216 3439 Quodsi
1245 3376 1345 3445 prins

249 3468 433 3542 probaveris,
452 3485 507 3528 aa.
532 3459 628 3546 ἅγιον
649 3472 686 3528 de
706 3473 867 3528 adiumento
888 3471 945 3527 dic.
965 3471 1111 3547 invisibili,
1133 3474 1214 3545 qnod
1238 3476 1347 3547 Apo-

248 3567 329 3626 stolia
355 3583 510 3642 eommqne
543 3571 632 3628 aocila
664 3572 820 3629 docuinam
847 3569 917 3628 Chr.
945 3573 1120 3633 tradentibus
1155 3575 1350 3652 contigerit,

248 3685 401 3744 eorumque
421 3672 615 3730 auctoritatem
635 3671 762 3730 divinam
783 3673 1009 3744 comprobaverit
1025 3672 1092 3748 (vd.
1114 3687 1140 3731 e.
1153 3674 1184 3732 1.
1217 3693 1252 3734 v.
1276 3677 1354 3754 5.),

247 3771 288 3828 ita
306 3777 339 3828 nt
365 3787 468 3844 eausa,
494 3787 583 3844 quare
609 3773 738 3831 homines
763 3773 986 3832 cohortationem
1013 3777 1202 3846 apostolicam
1234 3793 1354 3852 repn-

248 3873 357 3930 diantes
377 3877 457 3931 recte
478 3874 608 3930 dicantur
628 3876 721 3945 ipsum
746 3876 837 3933 ileum
858 3869 998 3949 ἀθετεῖν,
1019 3876 1075 3932 boc
1095 3880 1181 3936 mado
1204 3881 1356 3938 uberius

246 3973 415 4032 illustretur:
463 3973 579 4051 Dalm,
606 3975 738 4054 inquam,
767 3977 819 4049 qut
847 3977 922 4034 odeo
942 3980 1081 4048 spiritum
1107 3993 1200 4037 atum
1232 3997 1358 4038 cerac-

246 4077 376 4132 rmtdmm
394 4077 496 4155 nobb,
519 4077 704 4153 doctoribus,
727 4079 895 4150 contingere
915 4081 1000 4136 iusatt
1011 4117 1024 4154 ,
1052 4095 1109 4136 non
1129 4083 1253 4138 tantum
1283 4099 1357 4138 nn-

247 4171 292 4230 bis
312 4175 550 4245 praedicationem
571 4177 715 4250 evangelii
741 4178 934 4252 demandavit,
961 4179 1119 4237 sedetiam
1148 4177 1262 4257 (καὶ)
1293 4184 1359 4237 vi-

246 4289 294 4333 res
325 4275 457 4351 insignes
489 4277 639 4338 wnoessit-
681 4272 853 4338 Διδόναι
884 4280 1038 4355 πνεῦμα
1074 4279 1127 4347 εἰς
1151 4299 1291 4358 τινα,
1327 4286 1359 4339 si
