2802 4956
226 505 262 554 vr
590 483 921 556 PRAEFATIO.

230 665 377 746 ternpore
404 654 557 746 probetur
589 655 691 725 ldrros
718 656 907 748 epistolicos
934 656 1172 748 interpretandi
1197 657 1301 754 ratio]

231 794 468 883 conscriptum,
495 791 580 882 quod
607 811 721 862 omnes
742 793 787 860 Ν.
809 794 850 861 1⁴¹.
876 792 1048 884 Epistulas
1075 798 1303 868 commentario

233 929 385 998 contiuuo
407 928 656 1020 complectatur,
680 929 872 1000 admodum
891 931 980 1000 illius
1000 900 1215 1026 condorusto,
1244 954 1303 1024 quo

235 1065 423 1154 Theologus
443 1064 580 1133 illustris
602 1062 641 1134 S.
663 1063 706 1132 V.
735 1065 913 1136 Kuinocl
940 1067 1092 1138 librorum
1120 1071 1165 1138 N.
1186 1071 1227 1137 F.
1253 1069 1304 1138 hi-

233 1203 425 1272 storicorum
466 1200 718 1291 explicationem
756 1202 890 1290 egregie
931 1201 1098 1272 instruxit.
1152 1203 1305 1294 Proinde,

233 1363 329 1431 quum
356 1337 529 1427 bibliopola
556 1337 600 1406 de
631 1338 813 1406 litterarium
841 1339 996 1428 cuiusque
1029 1340 1162 1428 generis
1189 1339 1305 1408 studiis

234 1479 352 1568 quouis
365 1479 463 1565 pacto
477 1473 706 1564 promovendis
718 1474 956 1566 meritissimus,
967 1475 1022 1544 Jo.
1037 1475 1150 1546 Ambr.
1171 1462 1305 1566 Barth,

235 1612 329 1686 uobis
349 1609 580 1700 significasset,
600 1609 644 1678 V.
665 1609 870 1680 Kuinoelium
890 1611 1033 1699 negotiis
1054 1611 1129 1680 aliis
1149 1609 1307 1702 impediri

235 1749 428 1839 quominus
456 1765 586 1837 operum
618 1767 710 1818 suam
741 1747 777 1818 in
802 1746 1000 1838 Evangeliis
1027 1755 1064 1818 et
1090 1750 1190 1822 Actis
1217 1749 1305 1836 App.

235 1883 440 1975 explicandis
467 1903 591 1953 summa
618 1903 689 1954 cum
715 1883 813 1954 laude
844 1885 1035 1952 collocatam
1062 1883 1106 1950 ad
1132 1883 1304 1971 Epistulas

156 2087 160 2098 ,
235 2025 279 2089 Ν.
300 2023 341 2089 F.
362 2019 557 2108 transierat,
578 2037 643 2088 nou
664 2017 880 2089 dubitauimus
908 2018 1040 2088 munitis
1069 2017 1141 2087 eius
1168 2018 1305 2108 obsequi

234 2166 401 2246 utrumque
421 2160 567 2223 nostrum
587 2155 803 2243 cohortantis,
829 2161 866 2222 ut
886 2155 921 2224 in
941 2155 1047 2224 locum
1068 2154 1233 2226 Kuinoelii
1252 2153 1305 2222 lu-

234 2297 312 2364 bore
333 2291 490 2362 communi
510 2289 717 2379 suscipiendo
739 2289 997 2360 succederemus

319 2427 411 2513 Quae
445 2426 529 2497 ratio
558 2424 720 2517 partiendi
751 2425 873 2500 laboris
907 2426 1001 2497 nubis
1035 2427 1174 2517 probato
1199 2425 1307 2518 tuerit,
1382 2367 1383 2430 ἶ

232 2565 359 2657 pridem
378 2564 416 2635 iu
433 2561 691 2650 ephemeridibus
718 2541 855 2651 publicis
882 2563 1050 2632 litterariis
1078 2563 1225 2634 breviter
1252 2563 1306 2630 in-

233 2701 425 2771 dicavimus.
480 2694 567 2781 Quot
596 2698 742 2786 partibus
771 2699 1032 2769 commentarium
1065 2699 1099 2769 iu
1133 2697 1306 2788 Epistulas

234 2839 277 2906 N.
299 2839 340 2906 F.
361 2837 522 2920 integrum
542 2803 719 2905 absoluturi
740 2836 859 2925 simus,
885 2855 950 2903 non
975 2855 1150 2924 possumus
1176 2833 1307 2923 quidem

233 2977 295 3045 boc
312 2979 458 3060 tempure
477 2969 626 3039 exactius
638 2969 851 3058 computando
866 2971 1020 3062 profiteri,
1040 2971 1308 3060 quondoquidem,

233 3131 317 3202 quae
338 3107 467 3178 dicendi
488 3115 524 3177 et
543 3103 779 3195 interpretandi
800 3107 894 3198 cupio
914 3106 958 3178 ad
979 3107 1139 3197 epistolas
1158 3105 1307 3192 singulus
1381 3103 1382 3108 ’

234 3268 293 3338 pro
314 3247 449 3314 diuerso
470 3223 588 3312 earcuo
600 3247 717 3312 natura
738 3249 774 3311 ct
793 3244 903 3314 indole
923 3244 1153 3315 commentario
1178 3261 1307 3328 perpe-

233 3387 290 3450 tuo
311 3389 403 3450 recte
424 3377 635 3446 illustrandos
657 3377 811 3467 sufficiat,
831 3378 1003 3465 interpreti
1021 3396 1088 3443 uon
1108 3375 1199 3462 prius
1220 3377 1324 3443 omni'

234 3539 279 3587 ex
305 3523 400 3606 purte
426 3515 575 3602 patelieri
599 3514 704 3604 solet,
729 3531 824 3602 quum
850 3513 954 3582 labori
981 3511 1082 3580 arduo
1108 3509 1307 3599 perficiendo
1380 3561 1381 3574 .

233 3674 360 3723 murrum
380 3653 455 3741 ipse
475 3651 674 3742 admoverit,
700 3648 799 3718 etde
825 3647 885 3738 iis,
913 3665 996 3734 quoe
1022 3648 1234 3735 interpretem
1260 3645 1307 3711 N.

233 3791 273 3856 F.
296 3789 432 3877 quaeris
453 3785 598 3853 subsidia
619 3792 715 3852 cuuto
735 3783 915 3852 adhibendo
934 3791 1033 3871 atque
1046 3783 1207 3868 insignem
1225 3801 1308 3850 scn-

234 3925 406 3993 tertiorum
427 3921 654 3991 diversitatem
675 3919 847 4008 diligenter
866 3918 1103 3988 considerando
1125 3923 1160 3987 et
1177 3917 1307 3988 examl-
1380 3957 1381 3984 .

234 4061 340 4130 uundo
373 4066 546 4148 proestare
577 4063 744 4147 oporteat,
779 4075 819 4124 eo
852 4056 1002 4125 severius
1036 4056 1213 4142 iudicatur,
1240 4071 1304 4138 quo

234 4199 339 4286 magis
360 4195 487 4266 indies
508 4195 663 4264 increscit
685 4183 836 4264 uu'mcrus
856 4201 891 4264 et
911 4195 1062 4264 librorum
1083 4199 1118 4262 et
1138 4205 1306 4258 comulen-
