2802 4956
243 408 293 480 ra
614 406 924 496 Prolegomeua.
983 421 987 426 “

239 579 369 648 Paulus
396 579 468 668 ipse
484 601 486 608 ·
502 599 555 667 cp.
578 580 613 648 1.
644 577 813 648 Thessali.
847 581 890 648 rlc
922 576 1090 671 παρουσίᾳ
1118 577 1323 648 Serratoris
1387 575 1388 660 l

240 683 392 770 dixerat,
412 681 557 750 reditum
581 679 709 748 Christi
735 693 806 750 tom
821 704 933 774 propo
953 686 1104 768 natare,
1133 690 1171 748 ut
1191 681 1322 770 quovis
1387 683 1388 724 l

240 805 375 872 mense,
409 785 509 850 immo
543 783 616 869 die,
648 783 886 871 probabilitate
918 805 1049 851 summa
1082 791 1319 870 exspectetur.

240 885 338 956 Unde
359 885 505 971 factum,
535 889 573 952 ut
593 883 649 952 vel
669 886 791 954 timore
812 894 968 975 metuque
990 893 1154 974 perpetuo
1180 892 1321 972 pertur-

239 989 420 1072 barentur,
455 985 578 1071 insigni
607 985 666 1053 illa
691 1009 805 1054 rerum
833 989 1054 1077 humanarum
1086 987 1322 1054 terrestrium·
1387 1011 1388 1098 q

239 1115 306 1182 que
332 1087 537 1172 mutatione,
567 1087 699 1175 qualem
727 1089 836 1156 oratio
858 1089 985 1158 Christi
1012 1089 1321 1178 prophetico-poa.
1387 1099 1388 1192 q

240 1195 311 1262 tica
331 1191 458 1263 Mara
480 1187 556 1275 24,
578 1185 643 1256 29.
672 1213 744 1280 sqq.
780 1191 931 1281 locisque
964 1189 1085 1278 parall.
1119 1191 1321 1278 descripsit,

240 1294 392 1385 quotidie
414 1293 663 1380 exspectanda,
691 1291 746 1361 rel
772 1293 927 1380 cupidius
955 1293 1045 1360 huno
1072 1291 1160 1358 diem
1183 1293 1322 1360 deside-

136 1397 141 1404 '
239 1403 377 1481 rorent,
411 1415 528 1461 morae
550 1393 782 1480 impatientes,
816 1395 990 1483 ipsamque
1019 1393 1118 1461 hnins
1145 1394 1320 1482 promissi,

241 1500 463 1566 Servatorem
497 1495 677 1584 aliquando
712 1497 898 1562 rediturum
935 1518 1030 1582 esse,
1065 1495 1243 1564 veritatem
1280 1495 1320 1562 in

242 1599 380 1666 dubium
413 1619 539 1666 vocare
567 1597 769 1684 inciperent,
802 1619 901 1686 quum
930 1597 1097 1684 παρουσία
1127 1599 1170 1666 dc
1196 1598 1252 1665 die
1280 1598 1320 1664 in
1387 1619 1388 1674 3

243 1703 333 1768 diem
363 1701 573 1785 differretur,
601 1697 657 1768 vel
690 1699 828 1786 negotia
856 1721 919 1765 sira
947 1699 1053 1766 missa
1079 1699 1251 1785 lacerent,
1280 1707 1320 1765 et

241 1803 336 1877 vitae
357 1800 573 1886 indulgerent
594 1800 743 1886 otiosae,
766 1800 914 1889 quotidie
938 1801 1169 1869 existimantes
1191 1801 1319 1869 Serra·
1387 1843 1388 1896 q

241 1913 352 1973 torem
397 1903 649 1991 appariturum,
687 1899 853 1992 finemque
892 1925 1006 1971 rerum
1047 1903 1146 1972 hnius
1185 1902 1320 1970 saeculi
1387 1901 1388 1958 l

242 2006 402 2076 omnium.
456 2001 617 2070 Proinde
639 2000 790 2088 Paulus,
824 2005 943 2070 eadem
978 2005 1120 2073 docendi
1149 2006 1321 2094 sapientia

242 2129 346 2194 usus,
368 2127 435 2194 qua
456 2103 548 2190 prior
569 2101 714 2191 epistola
735 2111 876 2172 exarata
897 2106 1028 2194 luerat,
1055 2107 1176 2176 iterum
1198 2107 1319 2174 lauda·

121 2257 124 2262 -
243 2209 369 2276 tionem
398 2205 571 2290 coniungit
600 2205 800 2271 institutioni
828 2215 864 2272 ct
892 2209 1128 2276 exhortationi.
1171 2209 1226 2277 Ao
1246 2209 1318 2295 pri·
1387 2213 1388 2294 ἶ

242 2332 334 2376 ιιιιιιιι
363 2307 495 2396 quidem
519 2306 664 2373 unionum
685 2306 862 2394 prolitetur
883 2308 958 2376 Deo
985 2311 1115 2396 gratias
1144 2318 1318 2398 agentem,
1387 2299 1388 2370 l

242 2411 333 2499 quod
360 2406 688 2475 Thessalonicenses
721 2407 896 2498 hueusque
930 2421 1067 2480 strenua
1100 2411 1318 2498 obtinuerint,

242 2512 334 2580 nullo
361 2510 576 2578 vexationum
604 2508 731 2597 impetn
759 2509 880 2597 fracti,
916 2513 1170 2600 persuasionem
1196 2533 1316 2581 veram
1387 2495 1388 2562 l

243 2635 360 2681 umore
381 2611 573 2680 Christiano
596 2612 831 2699 conspicuam,
857 2635 925 2700 qun
946 2615 1038 2699 digni
1058 2616 1245 2682 reddantur
1264 2614 1317 2681 le·

243 2715 375 2782 licitate
398 2735 529 2781 summa
549 2713 583 2779 iu
604 2735 710 2798 regno
733 2714 845 2781 (lirino
868 2715 910 2779 iis
932 2724 1063 2802 parata.
1107 2717 1215 2792 Quam
1237 2737 1317 2782 sen·
1387 2745 1388 2816 q

242 2817 385 2884 tentiam
408 2816 456 2881 ita
475 2821 614 2899 tractat,
636 2822 674 2880 ut
695 2815 793 2882 simul
814 2817 1008 2885 consoletur
1027 2815 1317 2885 Thessalonicen·

186 2939 194 2977 ι
244 2942 301 2988 ses
323 2919 478 2987 adflictos
501 2919 791 2984 commemorando
812 2917 880 2983 Dei
908 2927 942 2986 et
963 2920 1091 2987 Christi
1118 2919 1242 2988 indicio
1264 2918 1317 2984 iu·
1387 2935 1388 3002 q

190 3005 197 3037 ¹
243 3022 392 3090 atissimo
427 3019 505 3090 olim
534 3018 748 3106 apparitore,
781 3040 968 3109 precesque
1003 3021 1078 3108 pias
1109 3041 1170 3108 pro
1204 3017 1317 3086 salute
1387 3005 1388 3074 l

189 3105 198 3152 '⁶
244 3145 361 3192 eornm
384 3128 560 3188 aeternum
580 3122 696 3191 futuro
717 3123 888 3188 adnectat.
904 3121 942 3190 C.
957 3121 985 3188 1.
1029 3120 1173 3188 Transit
1193 3120 1316 3188 deinde
1387 3153 1388 3158 ¹

176 3259 183 3272 =
243 3229 288 3291 ud
311 3223 546 3307 corrigendam
568 3246 684 3291 eorum
705 3226 971 3312 persuasionem,
992 3221 1049 3313 qui
1070 3223 1317 3310 exspectationi

243 3311 445 3392 indulserint
477 3324 679 3392 arbitrariae
718 3324 848 3392 reditus
876 3324 965 3392 Jesn
997 3324 1125 3393 Christi
1150 3326 1317 3412 proaem

192 3437 197 3482 ἓ
244 3425 421 3511 instantis,
443 3425 626 3514 docetque,
654 3425 874 3493 Scruatorom
895 3448 961 3492 oon
982 3426 1076 3514 prins
1098 3445 1175 3494 esse
1196 3433 1315 3493 ventu·
1387 3415 1388 3502 l

240 3551 336 3614 rnm,
363 3549 463 3616 quam
488 3527 634 3594 delectio
656 3549 780 3612 magna
801 3548 823 3593 a
843 3527 1008 3614 religione
1030 3551 1113 3596 uera
1134 3527 1314 3612 exstiterit,
1387 3505 1388 3536 ¹

190 3689 195 3700 .
244 3629 473 3718 prodieritque
501 3629 777 3696 Anti-Christus.
821 3627 860 3694 C.
882 3628 934 3716 ll,
961 3652 993 3697 v.
1020 3627 1175 3697 1-12.·
1212 3629 1316 3696 Redit

189 3719 204 3782 l
244 3733 290 3798 ad
311 3731 441 3816 gratias
462 3729 536 3797 Deo
565 3739 662 3798 actas
690 3752 751 3816 pro
775 3729 977 3798 Christianis
999 3729 1314 3816 Thessalonicensi-
1387 3749 1388 3810 ζ

243 3835 327 3919 lius,
356 3830 579 3918 et‘rotapio
605 3830 1193 3914 v.13-17.c.111‚v.1-5.
1243 3835 1314 3901 Ad-

241 3938 370 4010 duntur
397 3933 541 4022 deniqne
568 3956 601 4000 v.
624 3929 661 4000 6.
690 3955 796 4022 nsque
824 3933 988 4001 adfinem
1015 3943 1201 4023 praecepta
1227 3935 1315 4002 salu·
1387 3951 1388 4012 l

244 4035 409 4122 herrima,
431 4035 474 4102 iis
495 4035 639 4102 inaximo
661 4034 883 4121 iniungenda,
910 4033 975 4123 qui'
993 4036 1214 4124 procliviores
1242 4035 1315 4105 fue·
1387 4025 1388 4098 l

245 4138 315 4206 rint
342 4139 386 4204 ad
414 4136 517 4205 vitam
545 4136 741 4205 dissolutam
766 4145 801 4204 et
822 4137 976 4204 otiosam.
1028 4138 1189 4206 Corshtlu'
1214 4139 1317 4206 etiarn

245 4242 333 4313 hane
366 4236 542 4325 epistolam
572 4261 652 4362 csse
687 4239 941 4326 consignatam,
974 4239 1052 4310 inde
1085 4247 1195 4342 potet,
1228 4243 1316 4330 quoii
1387 4269 1388 4362 q
