2802 4956
274 455 328 526 26
649 401 964 542 Prolcgomena.

273 629 308 695 dl
333 621 378 694 ἐτ’
408 620 530 705 αὐτοὺς
557 620 577 708 ἡ
603 620 684 716 ὀργὴ
711 622 757 706 εἰς
778 627 887 706 τίλοςτ
914 627 1019 692 osirin
1044 628 1203 716 oprinhne
1224 647 1348 694 emnem

272 734 394 821 adlegit
417 735 508 821 ipsos
522 751 637 820 poeno
658 730 798 815 1111111111,
827 729 879 794 od
887 731 1004 816 finem
1026 751 1132 818 mpero
1154 730 1347 815 duromro,

271 835 361 898 nbc.-
393 832 445 897 od
468 837 735 898 oincmm'oaem
761 833 945 919 (miseriam
974 833 1150 919 summam)
1176 833 1347 918 valitura,

153 953 159 962 ·
271 943 470 1020 argumento
498 934 699 1020 inserviunt,
729 933 836 1001 Paulo
858 935 946 1001 hanc
975 933 1152 1020 epistolam
1180 941 1347 1000 exarante

269 1036 423 1105 Judaeos
461 1037 613 1121 immergi
649 1037 715 1103 iarn
757 1038 911 1124 coepisse
945 1035 1215 1120 calamitatibus,
1254 1058 1346 1123 qnae

269 1137 517 1218 Hierosolymis
538 1139 665 1227 totique
688 1139 817 1206 civitati
840 1141 1023 1224 instarent,
1046 1159 1089 1204 ex
1112 1136 1199 1202 bello
1222 1147 1346 1204 contra

269 1239 442 1305 Romanos
472 1241 632 1307 oriundis.
683 1241 824 1307 Poterat
857 1241 979 1330 quippe
1013 1241 1161 1307 aoristus
1196 1238 1343 1329 ἔφθασε,

270 1342 393 1406 dndnm
418 1350 496 1408 ante
520 1341 648 1408 initium
671 1342 750 1410 belli
771 1343 926 1428 1111111111,
954 1344 997 1407 de
1024 1364 1135 1429 poena
1161 1341 1260 1407 huius
1282 1365 1344 1428 po-

269 1441 339 1526 puli
363 1443 486 1529 duplici
509 1447 606 1509 modo
636 1444 808 1528 adhiberi,
836 1443 908 1523 nel,
938 1452 1104 1532 qnatenus
1132 1443 1174 1509 iis
1203 1446 1343 1512 decreto

270 1543 382 1611 divino
404 1559 498 1612 certo
520 1546 704 1612 constituta
731 1554 807 1614 erat
828 1553 862 1612 et
878 1569 989 1635 prope
1011 1544 1161 1612 instabat
1182 1548 1342 1614 devasta-

269 1646 315 1711 tio
346 1647 438 1712 urbis
473 1669 515 1714 ac
550 1648 697 1714 civitatis
731 1649 1029 1736 (quemadmodum
1058 1649 1111 1716 Io.
1141 1669 1194 1716 ev.
1224 1647 1281 1730 15,
1302 1647 1342 1716 6.

268 1749 393 1815 11111111·
422 1747 552 1836 ἐβλήθη
583 1749 662 1830 iim:
697 1751 862 1816 eiusmodi
898 1749 994 1816 homo
1023 1759 1181 1839 tauquam
1210 1750 1343 1816 eiectus

268 1851 441 1918 habendus
464 1861 517 1920 est
545 1855 681 1920 decreto
704 1853 852 1936 divino),
878 1851 950 1938 vel,
979 1861 1146 1940 quatenus
1173 1849 1232 1917 illa
1254 1852 1342 1939 ipsa,

268 1953 382 2020 verbis
419 1953 701 2021 antecedentibus
737 1955 927 2038 descripta,
961 1955 1170 2039 perversitas
1198 1977 1342 2040 summa,

268 2053 472 2141 quadudaei
495 2054 641 2119 animum
664 2053 774 2139 magis
797 2053 1058 2141 obduraverunt,
1082 2054 1235 2122 doctrina
1252 2053 1343 2121 Jesn

268 2155 409 2222 salutari
446 2156 678 2242 repudianda,
712 2156 754 2219 ad
783 2177 925 2240 poenam
955 2157 1101 2223 divinam
1128 2155 1344 2223 referebatur

266 2257 477 2344 (afrenata.
494 2255 556 2342 13,
574 2255 634 2324 12.
649 2279 721 2345 sqq.
743 2257 873 2322 Romm.
886 2255 1010 2343 aad).
1035 2259 1173 2327 Deloco
1185 2259 1219 2326 Ι.
1233 2259 1343 2325 Thes·

264 2357 399 2444 11114,
424 2357 485 2424 13.
515 2381 613 2447 quem
642 2357 883 2424 Koehlerus
914 2361 957 2424 ad
986 2359 1198 2426 Christianos
1225 2359 1342 2426 Thes-

266 2461 358 2547 sall.,
382 2461 436 2548 qui
460 2469 611 2546 tempore
632 2459 880 2547 persecutionis
901 2460 1115 2529 Neronianae
1137 2463 1339 2543 nrartyrimn

265 2563 446 2646 subierint,
474 2561 646 2647 respicere
673 2560 861 2646 existimat,
891 2584 995 2648 supra
1023 2564 1167 2629 diximus
1195 2565 1229 2630 in
1255 2587 1339 2632 exa-

264 2667 422 2731 minanda
452 2663 685 2730 Schraderi
714 2663 891 2729 sententia.
937 2663 1106 2748 Cogitatio
1129 2666 1245 2731 mortis
1267 2673 1340 2734 orb-

263 2769 376 2832 loutoe
397 2787 461 2831 neo
483 2765 661 2852 participio
684 2769 926 2850 κεκοιμημένων
955 2789 1016 2852 per
1038 2789 1076 2833 se
1106 2776 1257 2854 spectato
1288 2769 1340 2837 in-

265 2869 382 2934 haeret
396 2869 598 2954 (quanquam
621 2865 850 2953 concedimus,
872 2867 974 2933 etiarn
999 2869 1041 2935 de
1060 2867 1221 2951 martyrio
1237 2892 1340 2937 usur-

263 2969 335 3056 pari
353 2971 532 3059 pateriae),
555 2991 618 3035 uec
639 2967 755 3056 phrasi
776 2971 887 3055 neapol
910 2971 945 3034 ἐν
963 2973 1098 3060 χριστῷ.
1142 2972 1179 3058 dt
1201 2971 1339 3058 Episto-

263 3072 328 3138 lam
359 3071 386 3136 l.
421 3073 464 3137 ad
494 3069 621 3137 Thess.
656 3093 676 3136 a
711 3070 966 3156 consignatione
1000 3073 1200 3160 posterioris
1234 3075 1338 3160 epist.

263 3175 424 3239 eiusmodi
460 3174 621 3259 temporis
650 3172 829 3240 intervallo
864 3174 1106 3260 seiungendam
1142 3195 1239 3260 esse,
1270 3199 1339 3265 qno
1382 3207 1383 3214 ¹

262 3274 390 3339 Paulus
413 3275 534 3340 iterum
558 3274 828 3341 Thessalonicae
851 3275 965 3362 fuerit,
989 3284 1023 3342 et
1040 3275 1250 3344 Christianos
1275 3280 1340 3346 hu-

256 3378 315 3458 jus
352 3375 520 3442 ecclesiae
556 3377 598 3441 de
632 3376 849 3462 quaestione,
885 3398 949 3465 quo
982 3384 1134 3465 tempore
1168 3377 1341 3466 παρουσία

263 3477 390 3544 Christi
414 3475 529 3543 lutura
550 3477 607 3560 sit,
630 3485 723 3542 recte
746 3481 968 3544 aestumanda
990 3481 1175 3567 edocuerit,
1197 3483 1339 3552 Koch-

261 3577 377 3645 lerns
400 3599 443 3644 ex
469 3574 826 3664 [1711111111λώ.
857 3579 1002 3667 colligit:
1036 3579 1076 3650 οὐ
1106 3585 1339 3672 μνημονεύετε,

261 3675 313 3748 liro
336 3681 382 3746 ἔτι
406 3675 451 3746 oin
473 3678 556 3768 πρὸς
577 3675 664 3767 ὑμᾶς
688 3683 794 3747 ταῦτα
815 3679 924 3769 e'lsyon
947 3680 1041 3772 ὑμῖν,
1065 3685 1213 3777 itemque
1227 3691 1340 3758 verba

260 3788 295 3853 Ῑ.
318 3783 485 3851 Tlrooroll.
501 3781 539 3869 5,
562 3783 595 3850 1.
626 3788 699 3872 saepi
727 3785 761 3851 δὲ
786 3785 852 3853 τῶν
878 3781 1008 3874 χρόνων
1029 3793 1084 3855 καὶ
1106 3791 1173 3857 τῶν
1194 3795 1340 3879 καιρῶν,

260 3885 415 3978 1111111ροὶ,
447 3880 489 3953 οὐ
519 3885 633 3974 χρείαν
661 3885 745 3975 ἔχετε
779 3883 858 3976 ὑμῖν
886 3888 1102 3982 γράφεσθαι,
1135 3892 1201 3959 hoo
1228 3915 1337 3962 sensu
1380 3953 1381 3962 ,

261 3991 352 4055 dieta
383 3987 573 4075 existimat,
601 3989 820 4077 Apostolum,
848 3993 925 4060 dum
954 3992 1130 4081 epistolam
1152 3994 1180 4060 l.
1211 4017 1338 4064 exarn-

261 4100 329 4176 ret,
359 4091 492 4160 orunino
520 4091 669 4180 nondam
692 4093 868 4188 habuisse,
897 4099 985 4183 qnod
1013 4095 1224 4162 Christianos
1253 4097 1337 4166 illos

261 4197 303 4260 de
325 4201 475 4280 tempore
496 4194 625 4261 reditus
640 4195 765 4262 Christi
782 4199 940 4264 edoceret
956 4199 1069 4286 (quum
1091 4198 1180 4264 hanc
1201 4199 1234 4264 iu
1258 4221 1335 4267 rem

261 4295 429 4362 curiosius
451 4295 620 4384 inquirere
642 4301 787 4364 uonduur
811 4299 1025 4387 coepissent).
1075 4298 1335 4378 1111111111]-
1379 4339 1380 4376 1
