2772 4962
291 406 400 492 Epist.
424 405 468 473 ti.
491 409 535 472 ed
556 405 729 473 Thessali.
752 406 860 494 Caput
878 406 922 474 11.
1068 405 1145 476 199

97 579 228 658 αισα),
256 585 361 654 purtim
386 583 424 640 de
449 583 507 641 tine
531 598 626 641 rerum
653 580 776 642 omniun
804 581 990 643 humansrum
1016 585 1145 657 proxime

100 686 150 744 tan
172 685 290 742 insanis
321 689 458 756 perpetuo
497 686 658 760 cogitantes
690 684 818 742 desines
845 685 997 762 indulgere
1024 686 1145 760 uilisque

99 786 163 844 uitis
184 785 251 844 irino
279 788 408 844 oriundis
434 786 625 861 (quapropter
653 787 722 859 Cep
742 787 796 844 111.
828 786 914 846 huius
944 788 1081 860 epistolae
1108 789 1145 846 de

95 889 238 964 moun,
257 887 307 961 qui
326 887 450 963 singuiis
471 891 651 963 competunt,
668 891 785 946 dremne
803 890 978 966 peragendis
997 889 1144 962 praeeipi-

91 997 143 1062 tur,
166 991 220 1048 err.
246 991 276 1052 Ι.
292 989 395 1048 roeo.
407 990 445 1068 4,
458 989 509 1048 11.
527 986 603 1065 ep).
652 989 787 1048 niumm
814 991 891 1048 huno
918 989 1143 1048 Christianorum

91 1107 205 1148 «rnen
234 1107 293 1148 non
317 1090 407 1162 putuit
435 1091 477 1149 ite
503 1091 668 1166 surrigere,
694 1093 726 1148 ut
752 1091 884 1170 dooeret,
914 1091 1031 1150 seeoule
1057 1093 1145 1150 multe

93 1193 228 1268 πίομαι,
246 1191 413 1266 priusquam
434 1191 571 1250 Dominus
590 1187 716 1250 redierit
763 1193 832 1263 ipse
851 1191 927 1250 enim
949 1195 1088 1252 Servetur
1107 1194 1144 1250 de

90 1295 197 1351 tnnino
216 1295 354 1366 temporie
374 1293 441 1350 huie
462 1295 608 1352 mutetioni
626 1294 738 1370 ingenti
765 1294 901 1352 divinitus
921 1295 1073 1353 constituto
1095 1297 1143 1351 ni-

86 1395 122 1454 iii
140 1397 250 1454 omnino
271 1394 460 1452 definiendum
484 1396 608 1471 poterit,
634 1398 835 1471 novimusque,
861 1396 981 1455 Paulum
1000 1397 1143 1470 ntiquom-

87 1497 131 1554 diu
155 1502 234 1555 eene
253 1496 390 1554 mniuisse
416 1493 599 1576 παρουσίαν
619 1499 732 1556 Domini
755 1497 833 1556 hnud
852 1496 893 1554 its
916 1499 1018 1571 procui
1043 1513 1142 1556 remo-

87 1603 137 1654 tnm
156 1599 297 1674 nogium,
317 1613 402 1670 quem
421 1601 486 1668 post
505 1599 594 1656 multo
613 1599 726 1656 demum
746 1583 1045 1656 seeouisenenturenr.
1080 1599 1141 1658 Cir.

87 1715 153 1772 με
178 1701 216 1758 sd
241 1701 271 1762 1.
295 1693 453 1777 roem,
471 1700 523 1758 15.
556 1702 586 1758 et
613 1701 643 1758 in
670 1700 856 1774 prolegomm.
891 1697 923 1774 9.
945 1699 974 1757 6.
1000 1701 1143 1771 disputate

84 1807 151 1858 sunt
191 1803 227 1858 ld
248 1817 334 1858 unum
354 1801 534 1876 persequitur
547 1799 713 1876 Apostolus,
733 1814 882 1858 erroneum
902 1816 968 1857 esse
987 1805 1142 1873 exspectn-

85 1903 180 1960 n'onun
206 1903 317 1962 reditus
337 1901 451 1960 Domini
474 1906 617 1976 promisee
643 1903 705 1959 inm
726 1904 883 1979 tentantis,
911 1899 1051 1974 donetque
1075 1919 1142 1960 ser-

85 2021 161 2062 nene
190 2004 358 2078 prophetico
386 2005 456 2077 Cep.
473 2005 512 2062 11.
539 2006 722 2062 Servstttrem
748 2019 805 2060 non
840 2003 921 2075 prins
947 2019 1014 2061 esse
1040 2010 1142 2062 vennu-

86 2123 158 2180 mn,
184 2121 269 2178 quem
290 2105 414 2162 ααίαααο
435 2120 541 2180 magne
560 2122 580 2162 e
598 2107 703 2178 pieists
723 2118 795 2162 vere
821 2105 989 2180 exstitisset,
1013 2105 1142 2177 prodiis-

83 2213 177 2281 setque
195 2207 382 2264 adversarius
400 2207 543 2278 pessimus
562 2197 651 2274 perne
671 2207 829 2283 religionis,
847 2205 1017 2265 eideeoitste
1036 2221 1142 2283 mogus

83 2311 214 2384 indgnm,
241 2310 368 2366 sdventu
387 2307 500 2366 Domini
524 2309 712 2383 frangendus.
761 2309 870 2375 Quibus
897 2309 1059 2366 nuntiandis
1084 2307 1141 2366 hon

84 2417 157 2468 ente
182 2411 262 2468 efflei
288 2413 412 2483 poterut,
437 2411 469 2466 ut
493 2408 581 2466 mimi
604 2409 717 2468 iliorum
742 2409 898 2482 perturbnti
924 2411 959 2468 eo
986 2407 1141 2482 ex'speete-

82 2513 237 2570 dominre
262 2509 428 2583 quotidiana
453 2509 502 2567 vei
527 2511 615 2566 ennio
646 2510 693 2568 vel
725 2511 831 2584 eupids
856 2511 968 2570 Domini
1003 2511 1143 2568 venientis

81 2615 115 2672 sd
132 2611 363 2685 trnnquiiiitstem
382 2611 523 2696 mundam
546 2611 778 2688 treduoereotur,
804 2611 1007 2688 eognoscendo
1026 2618 1140 2686 tempo·

81 2717 117 2774 ris
137 2715 274 2788 termino,
293 2719 364 2772 onte
384 2727 472 2786 quem
496 2709 700 2790 παρουσία
726 2727 788 2774 παπ
808 2720 884 2773 esset
901 2711 1018 2787 littura.
1061 2713 1143 2781 Duod

81 2819 112 2874 u.
130 2817 259 2888 Keppe
278 2815 308 2872 in
330 2821 484 2876 mmet.
503 2815 543 2872 ed
562 2814 591 2872 ln
612 2815 632 2873 l.
652 2819 682 2874 et
702 2818 808 2874 Storr
827 2818 942 2875 meent.
962 2820 996 2875 in
1018 2817 1141 2889 epieteti.

80 2921 167 2978 Ραυίι·
185 2921 338 2976 mortem
363 2917 477 2992 αίίσασι
501 2917 569 2974 toea
595 2932 623 2988 p.
643 2914 695 2975 ii.
720 2917 888 2992 coniiciunt,
912 2916 1082 2990 Apostolum
1107 2915 1143 2973 iis

81 3022 214 3095 mnne,
239 3017 291 3092 qut
317 3031 493 3094 magnopere
517 3019 657 3088 cuperent
679 3019 710 3074 in
738 3019 797 3076 vite
824 3018 952 3074 terrestri
976 3015 1144 3090 superstites

85 3137 193 3177 nuere
210 3121 252 3178 sd
275 3115 459 3196 παρουσίαν
480 3131 572 3190 usque
592 3117 704 3176 Domini
725 3117 800 3192 (etr.
819 3119 857 3176 sd
876 3120 905 3176 1.
922 3118 1143 3195 utm.4,1n.

88 3219 176 3296 ote),
190 3236 282 3293 enque
302 3219 341 3278 de
360 3234 449 3276 muse
468 3217 499 3276 in
519 3219 732 3290 exspeotetione
751 3218 836 3276 huius
856 3217 1015 3277 munnam
1034 3219 1142 3296 ingen-

81 3323 118 3380 tis
135 3325 263 3395 proxime
284 3321 343 3378 inm
362 3327 518 3378 eventurae
537 3321 662 3378 animum
681 3323 770 3380 totum
791 3320 965 3396 detigerent,
992 3323 1144 3378 ostendere

78 3425 218 3500 votnm,
238 3437 325 3497 qum
343 3435 444 3494 perum
471 3421 653 3480 oonsiderete
673 3421 731 3480 hoo
750 3423 925 3498 optaverint,
951 3437 1037 3496 quum
1058 3441 1142 3500 παρ·

79 3525 195 3588 ουσίαν
220 3525 300 3582 iliam
325 3538 381 3580 non
408 3523 517 3596 possint
544 3522 600 3584 uisi
623 3528 751 3596 tenpore
776 3523 948 3582 snteeedere
971 3525 1143 3596 tristissima,

76 3629 145 3686 rniid
167 3627 285 3700 quidem
305 3625 400 3682 minus
420 3624 564 3695 protende
581 3628 710 3698 apparet.
758 3625 888 3701 Etenim,
914 3625 964 3701 qui
982 3625 1053 3682 huie
1070 3639 1142 3697 per-

75 3728 207 3788 mninni
237 3741 332 3784 venne
354 3725 556 3802 indulgerent,
588 3725 778 3785 conditionem
803 3741 918 3803 eorum,
945 3725 994 3801 qui
1023 3725 1054 3784 in
1086 3724 1143 3781 iren

74 3832 134 3888 sira
156 3830 289 3886 terreum
309 3829 477 3901 superstites
501 3828 608 3902 tuerint
629 3830 747 3888 Domino
772 3829 925 3902 redeunte,
951 3826 1143 3900 praestentio-

74 3949 133 3990 renr
157 3933 224 3990 tore
244 3931 409 3989 eonditioue
433 3917 554 3988 nii'orrmn
575 3929 682 3988 Christi
708 3929 846 3986 nultorum
872 3933 939 3988 ente
962 3923 1142 4005 παρουσίαν

73 4039 270 4105 neruorum,
290 4031 346 4090 etsi
364 4032 497 4108 legerent
515 4029 692 4103 prophetinm
712 4029 896 4104 spostoiiesm
922 4029 959 4086 de
979 4029 1066 4088 rebus
1081 4031 1141 4088 tri-

72 4134 212 4193 stissimis
233 4129 416 4210 παρουσίαν
436 4133 547 4190 Douniui
567 4131 773 4206 animm-uris,
799 4129 877 4187 haud
896 4131 984 4188 nette
1002 4131 1142 4204 impedie-

74 4237 190 4313 tnntur,
209 4251 266 4310 nuo
286 4235 379 4294 miuus
398 4234 472 4292 haee
492 4235 587 4294 omnin
606 4233 717 4309 perpeti
735 4231 860 4308 mellent,
879 4247 962 4305 quem
980 4249 1144 4312 proeroga-
