<?xml version="1.0" encoding="UTF-8"?>
<!DOCTYPE html PUBLIC "-//W3C//DTD XHTML 1.0 Transitional//EN"
    "http://www.w3.org/TR/xhtml1/DTD/xhtml1-transitional.dtd">
<html xmlns="http://www.w3.org/1999/xhtml" xml:lang="en" lang="en">
 <head>
  <title>
</title>
<meta http-equiv="Content-Type" content="text/html;charset=utf-8" />
  <meta name='ocr-system' content='tesseract 3.04.00' />
  <meta name='ocr-capabilities' content='ocr_page ocr_carea ocr_par ocr_line ocrx_word'/>
</head>
<body>
  <div class='ocr_page' id='page_1' title='image "./epistolaepaulia00schogoog_0054.png"; bbox 0 0 2802 4956; ppageno 0'>
   <div class='ocr_carea' id='block_1_1' title="bbox 287 441 977 529">
    <p class='ocr_par' dir='ltr' id='par_1_1' title="bbox 287 441 977 529">
     <span class='ocr_line' id='line_1_1' title="bbox 287 441 977 529; baseline 0 -17"><span class='ocrx_word' id='word_1_1' title='bbox 287 443 340 512; x_wconf 77' lang='grc'><strong>32</strong></span> <span class='ocrx_word' id='word_1_2' title='bbox 660 441 977 529; x_wconf 82' lang='lat' dir='ltr'><strong>Prolcgomeua.</strong></span> 
     </span>
    </p>
   </div>
   <div class='ocr_carea' id='block_1_2' title="bbox 283 611 1359 1316">
    <p class='ocr_par' dir='ltr' id='par_1_2' title="bbox 283 611 1359 1316">
     <span class='ocr_line' id='line_1_2' title="bbox 287 611 1356 703; baseline -0.002 -21"><span class='ocrx_word' id='word_1_3' title='bbox 287 613 389 682; x_wconf 78' lang='lat' dir='ltr'><strong>atiani</strong></span> <span class='ocrx_word' id='word_1_4' title='bbox 410 613 752 693; x_wconf 68' lang='lat' dir='ltr'><strong>Thessalonicenses,</strong></span> <span class='ocrx_word' id='word_1_5' title='bbox 781 635 868 703; x_wconf 83' lang='lat' dir='ltr'><strong>quae</strong></span> <span class='ocrx_word' id='word_1_6' title='bbox 889 611 1017 680; x_wconf 88' lang='lat' dir='ltr'><strong>Paulus</strong></span> <span class='ocrx_word' id='word_1_7' title='bbox 1039 613 1073 680; x_wconf 90' lang='lat' dir='ltr'><strong>in</strong></span> <span class='ocrx_word' id='word_1_8' title='bbox 1101 635 1154 702; x_wconf 85' lang='lat' dir='ltr'><strong>ep.</strong></span> <span class='ocrx_word' id='word_1_9' title='bbox 1172 611 1200 679; x_wconf 89' lang='lat'><strong>1.</strong></span> <span class='ocrx_word' id='word_1_10' title='bbox 1228 613 1274 682; x_wconf 88' lang='lat' dir='ltr'><strong>de</strong></span> <span class='ocrx_word' id='word_1_11' title='bbox 1295 640 1356 682; x_wconf 77' lang='lat' dir='ltr'><strong>oo-</strong></span> 
     </span>
     <span class='ocr_line' id='line_1_3' title="bbox 288 715 1356 809; baseline -0.002 -25"><span class='ocrx_word' id='word_1_12' title='bbox 288 719 407 809; x_wconf 73' lang='grc' dir='ltr'><strong><em>ρουσίᾳ</em></strong></span> <span class='ocrx_word' id='word_1_13' title='bbox 419 718 547 785; x_wconf 75' lang='lat' dir='ltr'><strong>Christi</strong></span> <span class='ocrx_word' id='word_1_14' title='bbox 565 725 658 785; x_wconf 85' lang='lat' dir='ltr'><strong>certo</strong></span> <span class='ocrx_word' id='word_1_15' title='bbox 678 719 908 803; x_wconf 83' lang='lat' dir='ltr'><strong>exspectando</strong></span> <span class='ocrx_word' id='word_1_16' title='bbox 927 715 1102 804; x_wconf 81' lang='lat' dir='ltr'><strong>professus</strong></span> <span class='ocrx_word' id='word_1_17' title='bbox 1119 715 1232 782; x_wconf 71' lang='lat' dir='ltr'><strong>morat</strong></span> <span class='ocrx_word' id='word_1_18' title='bbox 1253 717 1356 804; x_wconf 85' lang='lat' dir='ltr'><strong>(haud</strong></span> 
     </span>
     <span class='ocr_line' id='line_1_4' title="bbox 286 817 1355 906; baseline -0.003 -18"><span class='ocrx_word' id='word_1_19' title='bbox 286 821 430 889; x_wconf 88' lang='lat' dir='ltr'><strong>obscure</strong></span> <span class='ocrx_word' id='word_1_20' title='bbox 452 820 613 906; x_wconf 90' lang='lat' dir='ltr'><strong>innuens,</strong></span> <span class='ocrx_word' id='word_1_21' title='bbox 635 819 723 886; x_wconf 90' lang='lat' dir='ltr'><strong>hunc</strong></span> <span class='ocrx_word' id='word_1_22' title='bbox 744 819 888 886; x_wconf 88' lang='lat' dir='ltr'><strong>reditum</strong></span> <span class='ocrx_word' id='word_1_23' title='bbox 910 817 975 884; x_wconf 90' lang='lat' dir='ltr'><strong>sihi</strong></span> <span class='ocrx_word' id='word_1_24' title='bbox 996 819 1086 885; x_wconf 89' lang='lat' dir='ltr'><strong>haud</strong></span> <span class='ocrx_word' id='word_1_25' title='bbox 1109 818 1157 884; x_wconf 93' lang='lat' dir='ltr'><strong>ita</strong></span> <span class='ocrx_word' id='word_1_26' title='bbox 1177 817 1282 904; x_wconf 90' lang='lat' dir='ltr'><strong>louge</strong></span> <span class='ocrx_word' id='word_1_27' title='bbox 1304 841 1355 885; x_wconf 87' lang='lat' dir='ltr'><strong>rc-</strong></span> 
     </span>
     <span class='ocr_line' id='line_1_5' title="bbox 284 920 1355 1009; baseline -0.005 -17"><span class='ocrx_word' id='word_1_28' title='bbox 284 932 410 992; x_wconf 85' lang='lat' dir='ltr'><strong>motum</strong></span> <span class='ocrx_word' id='word_1_29' title='bbox 433 921 572 1008; x_wconf 83' lang='lat' dir='ltr'><strong>videri),</strong></span> <span class='ocrx_word' id='word_1_30' title='bbox 597 943 774 1009; x_wconf 77' lang='lat' dir='ltr'>perperam</span> <span class='ocrx_word' id='word_1_31' title='bbox 795 920 1009 1008; x_wconf 87' lang='lat' dir='ltr'><strong>interpretati</strong></span> <span class='ocrx_word' id='word_1_32' title='bbox 1031 928 1162 1005; x_wconf 87' lang='lat' dir='ltr'><strong>essent,</strong></span> <span class='ocrx_word' id='word_1_33' title='bbox 1190 942 1292 1009; x_wconf 90' lang='lat' dir='ltr'><strong>quum</strong></span> <span class='ocrx_word' id='word_1_34' title='bbox 1316 925 1355 987; x_wconf 91' lang='lat' dir='ltr'><strong>de</strong></span> 
     </span>
     <span class='ocr_line' id='line_1_6' title="bbox 286 1022 1355 1111; baseline -0.002 -19"><span class='ocrx_word' id='word_1_35' title='bbox 286 1026 342 1094; x_wconf 90' lang='lat' dir='ltr'><strong>die</strong></span> <span class='ocrx_word' id='word_1_36' title='bbox 364 1025 396 1091; x_wconf 91' lang='lat' dir='ltr'><strong>in</strong></span> <span class='ocrx_word' id='word_1_37' title='bbox 421 1022 507 1090; x_wconf 88' lang='lat' dir='ltr'><strong>diem</strong></span> <span class='ocrx_word' id='word_1_38' title='bbox 531 1023 702 1090; x_wconf 77' lang='lat' dir='ltr'><strong>Christum</strong></span> <span class='ocrx_word' id='word_1_39' title='bbox 723 1027 837 1090; x_wconf 68' lang='lat' dir='ltr'><strong>eoem</strong></span> <span class='ocrx_word' id='word_1_40' title='bbox 859 1023 1087 1111; x_wconf 84' lang='lat' dir='ltr'><strong>appariturum</strong></span> <span class='ocrx_word' id='word_1_41' title='bbox 1110 1023 1355 1110; x_wconf 87' lang='lat' dir='ltr'><strong>existimarent,</strong></span> 
     </span>
     <span class='ocr_line' id='line_1_7' title="bbox 283 1123 1355 1216; baseline -0.005 -20"><span class='ocrx_word' id='word_1_42' title='bbox 283 1127 453 1216; x_wconf 79' lang='lat' dir='ltr'><strong>huiusque</strong></span> <span class='ocrx_word' id='word_1_43' title='bbox 494 1125 758 1215; x_wconf 79' lang='lat' dir='ltr'><strong>exspectationis</strong></span> <span class='ocrx_word' id='word_1_44' title='bbox 794 1125 935 1192; x_wconf 84' lang='lat' dir='ltr'><strong>abusum</strong></span> <span class='ocrx_word' id='word_1_45' title='bbox 974 1123 1151 1212; x_wconf 83' lang='lat' dir='ltr'><strong>fecerent,</strong></span> <span class='ocrx_word' id='word_1_46' title='bbox 1186 1133 1222 1193; x_wconf 88' lang='lat' dir='ltr'><strong>et</strong></span> <span class='ocrx_word' id='word_1_47' title='bbox 1253 1149 1355 1195; x_wconf 79' lang='lat' dir='ltr'><strong>verae</strong></span> 
     </span>
     <span class='ocr_line' id='line_1_8' title="bbox 284 1226 1359 1316; baseline -0.002 -20"><span class='ocrx_word' id='word_1_48' title='bbox 284 1228 388 1296; x_wconf 88' lang='lat' dir='ltr'><strong>animi</strong></span> <span class='ocrx_word' id='word_1_49' title='bbox 410 1227 645 1316; x_wconf 79' lang='lat' dir='ltr'><strong>tranquillitati</strong></span> <span class='ocrx_word' id='word_1_50' title='bbox 667 1235 701 1294; x_wconf 90' lang='lat' dir='ltr'><strong>ct</strong></span> <span class='ocrx_word' id='word_1_51' title='bbox 722 1226 870 1294; x_wconf 88' lang='lat' dir='ltr'><strong>morihus</strong></span> <span class='ocrx_word' id='word_1_52' title='bbox 886 1227 1117 1314; x_wconf 87' lang='lat' dir='ltr'><strong>pernitiosum,</strong></span> <span class='ocrx_word' id='word_1_53' title='bbox 1138 1227 1221 1294; x_wconf 74' lang='lat' dir='ltr'><strong>droth</strong></span> <span class='ocrx_word' id='word_1_54' title='bbox 1234 1233 1359 1296; x_wconf 77' lang='lat' dir='ltr'><strong>errori</strong></span> 
     </span>
    </p>
   </div>
   <div class='ocr_carea' id='block_1_3' title="bbox 152 1327 1355 1420">
    <p class='ocr_par' dir='ltr' id='par_1_3' title="bbox 152 1327 1355 1420">
     <span class='ocr_line' id='line_1_9' title="bbox 152 1327 1355 1420; baseline -0.002 -22"><span class='ocrx_word' id='word_1_55' title='bbox 152 1347 156 1352; x_wconf 81' lang='grc'><em>“</em></span> <span class='ocrx_word' id='word_1_56' title='bbox 285 1331 442 1420; x_wconf 88' lang='lat' dir='ltr'><strong>opposuit</strong></span> <span class='ocrx_word' id='word_1_57' title='bbox 462 1329 608 1416; x_wconf 88' lang='lat' dir='ltr'><strong>Paulus,</strong></span> <span class='ocrx_word' id='word_1_58' title='bbox 636 1349 723 1419; x_wconf 83' lang='lat' dir='ltr'><strong>quac</strong></span> <span class='ocrx_word' id='word_1_59' title='bbox 745 1327 890 1417; x_wconf 85' lang='lat' dir='ltr'><strong>epistola</strong></span> <span class='ocrx_word' id='word_1_60' title='bbox 910 1329 1079 1416; x_wconf 90' lang='lat' dir='ltr'><strong>posterior</strong></span> <span class='ocrx_word' id='word_1_61' title='bbox 1101 1352 1130 1396; x_wconf 88' lang='lat' dir='ltr'><strong>c.</strong></span> <span class='ocrx_word' id='word_1_62' title='bbox 1144 1328 1190 1407; x_wconf 89' lang='lat' dir='ltr'><strong>ll,</strong></span> <span class='ocrx_word' id='word_1_63' title='bbox 1211 1330 1355 1396; x_wconf 78' lang='grc'><strong>1-12.</strong></span> 
     </span>
    </p>
   </div>
   <div class='ocr_carea' id='block_1_4' title="bbox 275 1429 1373 4366">
    <p class='ocr_par' dir='ltr' id='par_1_4' title="bbox 275 1429 1373 4366">
     <span class='ocr_line' id='line_1_10' title="bbox 284 1429 1357 1521; baseline -0.005 -19"><span class='ocrx_word' id='word_1_64' title='bbox 284 1433 445 1502; x_wconf 88' lang='lat' dir='ltr'><strong>continet.</strong></span> <span class='ocrx_word' id='word_1_65' title='bbox 489 1430 743 1519; x_wconf 88' lang='lat' dir='ltr'><strong>Perpendamus</strong></span> <span class='ocrx_word' id='word_1_66' title='bbox 765 1432 919 1517; x_wconf 82' lang='lat' dir='ltr'><strong>insuper,</strong></span> <span class='ocrx_word' id='word_1_67' title='bbox 941 1429 1158 1519; x_wconf 83' lang='lat' dir='ltr'><strong>Apostolum,</strong></span> <span class='ocrx_word' id='word_1_68' title='bbox 1184 1453 1254 1521; x_wconf 91' lang='lat' dir='ltr'><strong>quo</strong></span> <span class='ocrx_word' id='word_1_69' title='bbox 1277 1441 1357 1500; x_wconf 92' lang='lat' dir='ltr'><strong>tem·</strong></span> 
     </span>
     <span class='ocr_line' id='line_1_11' title="bbox 282 1532 1355 1626; baseline -0.003 -23"><span class='ocrx_word' id='word_1_70' title='bbox 282 1558 367 1626; x_wconf 90' lang='lat' dir='ltr'><strong>pore</strong></span> <span class='ocrx_word' id='word_1_71' title='bbox 388 1535 451 1602; x_wconf 82' lang='lat' dir='ltr'><strong>has</strong></span> <span class='ocrx_word' id='word_1_72' title='bbox 471 1533 606 1602; x_wconf 74' lang='lat' dir='ltr'><strong>litteras</strong></span> <span class='ocrx_word' id='word_1_73' title='bbox 627 1541 803 1619; x_wconf 87' lang='lat' dir='ltr'><strong>exararet,</strong></span> <span class='ocrx_word' id='word_1_74' title='bbox 830 1533 976 1598; x_wconf 88' lang='lat' dir='ltr'><strong>nondum</strong></span> <span class='ocrx_word' id='word_1_75' title='bbox 1007 1532 1115 1601; x_wconf 85' lang='lat' dir='ltr'><strong>luisse</strong></span> <span class='ocrx_word' id='word_1_76' title='bbox 1142 1541 1263 1602; x_wconf 82' lang='lat' dir='ltr'><strong>aetate</strong></span> <span class='ocrx_word' id='word_1_77' title='bbox 1285 1557 1355 1622; x_wconf 92' lang='lat' dir='ltr'><strong>pro·</strong></span> 
     </span>
     <span class='ocr_line' id='line_1_12' title="bbox 282 1633 1357 1726; baseline -0.005 -19"><span class='ocrx_word' id='word_1_78' title='bbox 282 1638 487 1725; x_wconf 80' lang='lat' dir='ltr'><strong>vectionem,</strong></span> <span class='ocrx_word' id='word_1_79' title='bbox 515 1636 674 1726; x_wconf 89' lang='lat' dir='ltr'><strong>ideoque,</strong></span> <span class='ocrx_word' id='word_1_80' title='bbox 703 1635 768 1702; x_wconf 87' lang='lat' dir='ltr'><strong>etsi</strong></span> <span class='ocrx_word' id='word_1_81' title='bbox 797 1635 962 1702; x_wconf 91' lang='lat' dir='ltr'><strong>interdum</strong></span> <span class='ocrx_word' id='word_1_82' title='bbox 992 1633 1138 1700; x_wconf 86' lang='lat' dir='ltr'><strong>animum</strong></span> <span class='ocrx_word' id='word_1_83' title='bbox 1166 1657 1228 1722; x_wconf 88' lang='lat' dir='ltr'><strong>spe</strong></span> <span class='ocrx_word' id='word_1_84' title='bbox 1259 1647 1357 1722; x_wconf 84' lang='lat' dir='ltr'><strong>grata</strong></span> 
     </span>
     <span class='ocr_line' id='line_1_13' title="bbox 283 1735 1355 1828; baseline -0.003 -21"><span class='ocrx_word' id='word_1_85' title='bbox 283 1740 457 1828; x_wconf 85' lang='lat' dir='ltr'><strong>deliniret,</strong></span> <span class='ocrx_word' id='word_1_86' title='bbox 484 1737 627 1805; x_wconf 83' lang='lat' dir='ltr'><strong>forsitan</strong></span> <span class='ocrx_word' id='word_1_87' title='bbox 655 1739 782 1826; x_wconf 85' lang='lat' dir='ltr'><strong>ipsum,</strong></span> <span class='ocrx_word' id='word_1_88' title='bbox 814 1735 972 1805; x_wconf 80' lang='lat' dir='ltr'><strong>veniente</strong></span> <span class='ocrx_word' id='word_1_89' title='bbox 999 1735 1153 1822; x_wconf 87' lang='lat' dir='ltr'><strong>Christo,</strong></span> <span class='ocrx_word' id='word_1_90' title='bbox 1181 1737 1299 1804; x_wconf 85' lang='lat' dir='ltr'><strong>adhuc</strong></span> <span class='ocrx_word' id='word_1_91' title='bbox 1326 1741 1355 1804; x_wconf 88' lang='lat' dir='ltr'><strong>in</strong></span> 
     </span>
     <span class='ocr_line' id='line_1_14' title="bbox 282 1837 1355 1930; baseline -0.003 -20"><span class='ocrx_word' id='word_1_92' title='bbox 282 1849 378 1911; x_wconf 85' lang='lat' dir='ltr'><strong>terre</strong></span> <span class='ocrx_word' id='word_1_93' title='bbox 399 1841 473 1909; x_wconf 82' lang='lat' dir='ltr'><strong>lore</strong></span> <span class='ocrx_word' id='word_1_94' title='bbox 495 1840 724 1926; x_wconf 85' lang='lat' dir='ltr'><strong>superstitem,</strong></span> <span class='ocrx_word' id='word_1_95' title='bbox 747 1840 789 1906; x_wconf 89' lang='lat' dir='ltr'><strong>de</strong></span> <span class='ocrx_word' id='word_1_96' title='bbox 811 1841 930 1906; x_wconf 89' lang='lat' dir='ltr'><strong>eadem</strong></span> <span class='ocrx_word' id='word_1_97' title='bbox 951 1846 1066 1906; x_wconf 84' lang='lat' dir='ltr'><strong>tamen</strong></span> <span class='ocrx_word' id='word_1_98' title='bbox 1088 1837 1262 1930; x_wconf 71' lang='grc' dir='ltr'><strong><em>παρουσίᾳ</em></strong></span> <span class='ocrx_word' id='word_1_99' title='bbox 1285 1842 1355 1908; x_wconf 89' lang='lat' dir='ltr'><strong>ahs-</strong></span> 
     </span>
     <span class='ocr_line' id='line_1_15' title="bbox 282 1941 1352 2034; baseline -0.003 -23"><span class='ocrx_word' id='word_1_100' title='bbox 282 1967 347 2034; x_wconf 92' lang='lat' dir='ltr'><strong>que</strong></span> <span class='ocrx_word' id='word_1_101' title='bbox 368 1942 440 2010; x_wconf 88' lang='lat' dir='ltr'><strong>ulla</strong></span> <span class='ocrx_word' id='word_1_102' title='bbox 460 1941 701 2008; x_wconf 85' lang='lat' dir='ltr'><strong>sententiarum</strong></span> <span class='ocrx_word' id='word_1_103' title='bbox 723 1941 949 2026; x_wconf 80' lang='lat' dir='ltr'><strong>repugnantia</strong></span> <span class='ocrx_word' id='word_1_104' title='bbox 972 1941 1085 2009; x_wconf 89' lang='lat' dir='ltr'><strong>dicere</strong></span> <span class='ocrx_word' id='word_1_105' title='bbox 1107 1941 1284 2030; x_wconf 89' lang='lat' dir='ltr'><strong>potuisse,</strong></span> <span class='ocrx_word' id='word_1_106' title='bbox 1306 1967 1352 2011; x_wconf 89' lang='lat' dir='ltr'><strong>cr-</strong></span> 
     </span>
     <span class='ocr_line' id='line_1_16' title="bbox 281 2011 1373 2132; baseline -0.002 -20"><span class='ocrx_word' id='word_1_107' title='bbox 281 2065 362 2113; x_wconf 80' lang='lat' dir='ltr'><strong>rarc</strong></span> <span class='ocrx_word' id='word_1_108' title='bbox 390 2064 467 2128; x_wconf 85' lang='lat' dir='ltr'><strong>eos,</strong></span> <span class='ocrx_word' id='word_1_109' title='bbox 496 2041 552 2130; x_wconf 88' lang='lat' dir='ltr'><strong>qui</strong></span> <span class='ocrx_word' id='word_1_110' title='bbox 581 2042 668 2108; x_wconf 91' lang='lat' dir='ltr'><strong>diem</strong></span> <span class='ocrx_word' id='word_1_111' title='bbox 690 2041 825 2107; x_wconf 84' lang='lat' dir='ltr'><strong>Domini</strong></span> <span class='ocrx_word' id='word_1_112' title='bbox 848 2045 1013 2132; x_wconf 73' lang='lat' dir='ltr'><strong>proxaeinc</strong></span> <span class='ocrx_word' id='word_1_113' title='bbox 1039 2047 1111 2110; x_wconf 75' lang='lat' dir='ltr'><strong>siam</strong></span> <span class='ocrx_word' id='word_1_114' title='bbox 1135 2048 1274 2110; x_wconf 76' lang='lat' dir='ltr'><strong>cintae-e</strong></span> <span class='ocrx_word' id='word_1_115' title='bbox 1299 2011 1373 2110; x_wconf 46' lang='lat' dir='ltr'><strong>eod-l</strong></span> 
     </span>
     <span class='ocr_line' id='line_1_17' title="bbox 282 2115 1373 2230; baseline 0 -18"><span class='ocrx_word' id='word_1_116' title='bbox 282 2144 501 2214; x_wconf 85' lang='lat' dir='ltr'><strong>firmaverint.</strong></span> <span class='ocrx_word' id='word_1_117' title='bbox 538 2140 571 2229; x_wconf 84' lang='lat' dir='ltr'><strong>b)</strong></span> <span class='ocrx_word' id='word_1_118' title='bbox 584 2141 732 2208; x_wconf 76' lang='lat' dir='ltr'><strong>Ostendit</strong></span> <span class='ocrx_word' id='word_1_119' title='bbox 752 2164 852 2230; x_wconf 92' lang='lat' dir='ltr'><strong>porro</strong></span> <span class='ocrx_word' id='word_1_120' title='bbox 868 2143 909 2212; x_wconf 88' lang='lat' dir='ltr'><strong>V.</strong></span> <span class='ocrx_word' id='word_1_121' title='bbox 933 2143 1123 2211; x_wconf 85' lang='lat' dir='ltr'><strong>Schmidt</strong></span> <span class='ocrx_word' id='word_1_122' title='bbox 1143 2145 1178 2211; x_wconf 92' lang='lat' dir='ltr'><strong>iu</strong></span> <span class='ocrx_word' id='word_1_123' title='bbox 1200 2115 1373 2214; x_wconf 53' lang='lat' dir='ltr'><strong>doctrina*</strong></span> 
     </span>
     <span class='ocr_line' id='line_1_18' title="bbox 283 2223 1373 2337; baseline 0.001 -24"><span class='ocrx_word' id='word_1_124' title='bbox 283 2249 326 2315; x_wconf 90' lang='lat' dir='ltr'><strong>de</strong></span> <span class='ocrx_word' id='word_1_125' title='bbox 344 2243 590 2314; x_wconf 86' lang='lat' dir='ltr'><strong>Anti-Christo</strong></span> <span class='ocrx_word' id='word_1_126' title='bbox 612 2243 785 2332; x_wconf 89' lang='lat' dir='ltr'><strong>prodituro</strong></span> <span class='ocrx_word' id='word_1_127' title='bbox 806 2243 932 2332; x_wconf 82' lang='lat' dir='ltr'><strong>(epil.</strong></span> <span class='ocrx_word' id='word_1_128' title='bbox 951 2269 984 2314; x_wconf 84' lang='lat' dir='ltr'><strong>c.</strong></span> <span class='ocrx_word' id='word_1_129' title='bbox 1000 2243 1036 2312; x_wconf 81' lang='grc'><strong>2.</strong></span> <span class='ocrx_word' id='word_1_130' title='bbox 1059 2269 1091 2312; x_wconf 89' lang='lat' dir='ltr'><strong>v.</strong></span> <span class='ocrx_word' id='word_1_131' title='bbox 1107 2244 1144 2312; x_wconf 76' lang='lat'><strong>3.</strong></span> <span class='ocrx_word' id='word_1_132' title='bbox 1164 2252 1266 2337; x_wconf 77' lang='lat' dir='ltr'><strong>sqq),</strong></span> <span class='ocrx_word' id='word_1_133' title='bbox 1288 2273 1351 2316; x_wconf 89' lang='lat' dir='ltr'><strong>ma·</strong></span> <span class='ocrx_word' id='word_1_134' title='bbox 1372 2223 1373 2264; x_wconf 48' lang='lat'>¹</span> 
     </span>
     <span class='ocr_line' id='line_1_19' title="bbox 282 2346 1350 2439; baseline -0.002 -21"><span class='ocrx_word' id='word_1_135' title='bbox 282 2349 413 2439; x_wconf 88' lang='lat' dir='ltr'><strong>luitque</strong></span> <span class='ocrx_word' id='word_1_136' title='bbox 441 2347 530 2414; x_wconf 86' lang='lat' dir='ltr'><strong>huuc</strong></span> <span class='ocrx_word' id='word_1_137' title='bbox 552 2346 812 2433; x_wconf 88' lang='lat' dir='ltr'><strong>descriptionem</strong></span> <span class='ocrx_word' id='word_1_138' title='bbox 834 2347 967 2433; x_wconf 86' lang='lat' dir='ltr'><strong>ingenio</strong></span> <span class='ocrx_word' id='word_1_139' title='bbox 991 2346 1219 2414; x_wconf 85' lang='lat' dir='ltr'><strong>lilontanistae</strong></span> <span class='ocrx_word' id='word_1_140' title='bbox 1244 2351 1350 2418; x_wconf 89' lang='lat' dir='ltr'><strong>cuius·</strong></span> 
     </span>
     <span class='ocr_line' id='line_1_20' title="bbox 284 2447 1349 2540; baseline -0.003 -19"><span class='ocrx_word' id='word_1_141' title='bbox 284 2453 379 2537; x_wconf 89' lang='lat' dir='ltr'><strong>dam,</strong></span> <span class='ocrx_word' id='word_1_142' title='bbox 407 2472 505 2540; x_wconf 88' lang='lat' dir='ltr'><strong>quem</strong></span> <span class='ocrx_word' id='word_1_143' title='bbox 527 2447 682 2536; x_wconf 80' lang='lat' dir='ltr'><strong>Apostoli</strong></span> <span class='ocrx_word' id='word_1_144' title='bbox 709 2447 885 2515; x_wconf 86' lang='lat' dir='ltr'><strong>vindicari.</strong></span> <span class='ocrx_word' id='word_1_145' title='bbox 935 2447 1080 2535; x_wconf 85' lang='lat' dir='ltr'><strong>Verum,</strong></span> <span class='ocrx_word' id='word_1_146' title='bbox 1109 2452 1198 2538; x_wconf 92' lang='lat' dir='ltr'><strong>quod</strong></span> <span class='ocrx_word' id='word_1_147' title='bbox 1220 2451 1349 2520; x_wconf 86' lang='lat' dir='ltr'><strong>Monta·</strong></span> 
     </span>
     <span class='ocr_line' id='line_1_21' title="bbox 280 2549 1348 2640; baseline -0.005 -18"><span class='ocrx_word' id='word_1_148' title='bbox 280 2555 391 2622; x_wconf 87' lang='lat' dir='ltr'><strong>nistas</strong></span> <span class='ocrx_word' id='word_1_149' title='bbox 418 2553 559 2638; x_wconf 87' lang='lat' dir='ltr'><strong>attinet,</strong></span> <span class='ocrx_word' id='word_1_150' title='bbox 588 2572 768 2638; x_wconf 89' lang='lat' dir='ltr'><strong>eorumque</strong></span> <span class='ocrx_word' id='word_1_151' title='bbox 797 2549 943 2637; x_wconf 87' lang='lat' dir='ltr'><strong>amieos,</strong></span> <span class='ocrx_word' id='word_1_152' title='bbox 972 2573 1081 2640; x_wconf 90' lang='lat' dir='ltr'><strong>neque</strong></span> <span class='ocrx_word' id='word_1_153' title='bbox 1109 2551 1187 2619; x_wconf 90' lang='lat' dir='ltr'><strong>huic</strong></span> <span class='ocrx_word' id='word_1_154' title='bbox 1217 2555 1348 2640; x_wconf 87' lang='lat' dir='ltr'><strong>potissi-</strong></span> 
     </span>
     <span class='ocr_line' id='line_1_22' title="bbox 281 2651 1349 2740; baseline 0 -18"><span class='ocrx_word' id='word_1_155' title='bbox 281 2677 373 2722; x_wconf 89' lang='lat' dir='ltr'><strong>mum</strong></span> <span class='ocrx_word' id='word_1_156' title='bbox 394 2655 469 2721; x_wconf 88' lang='lat' dir='ltr'><strong>loco</strong></span> <span class='ocrx_word' id='word_1_157' title='bbox 491 2652 634 2720; x_wconf 88' lang='lat' dir='ltr'><strong>Paulino</strong></span> <span class='ocrx_word' id='word_1_158' title='bbox 663 2651 830 2720; x_wconf 88' lang='lat' dir='ltr'><strong>notionem</strong></span> <span class='ocrx_word' id='word_1_159' title='bbox 852 2651 1090 2719; x_wconf 81' lang='lat' dir='ltr'><strong>Anti-Christi</strong></span> <span class='ocrx_word' id='word_1_160' title='bbox 1117 2666 1349 2740; x_wconf 86' lang='lat' dir='ltr'><strong>superstruxe-</strong></span> 
     </span>
     <span class='ocr_line' id='line_1_23' title="bbox 280 2751 1350 2844; baseline -0.003 -21"><span class='ocrx_word' id='word_1_161' title='bbox 280 2762 378 2841; x_wconf 84' lang='lat' dir='ltr'><strong>ruut,</strong></span> <span class='ocrx_word' id='word_1_162' title='bbox 404 2777 514 2844; x_wconf 89' lang='lat' dir='ltr'><strong>neque</strong></span> <span class='ocrx_word' id='word_1_163' title='bbox 535 2754 666 2821; x_wconf 91' lang='lat' dir='ltr'><strong>omnino</strong></span> <span class='ocrx_word' id='word_1_164' title='bbox 689 2754 776 2819; x_wconf 85' lang='lat' dir='ltr'><strong>haec</strong></span> <span class='ocrx_word' id='word_1_165' title='bbox 804 2753 958 2820; x_wconf 88' lang='lat' dir='ltr'><strong>doctrina</strong></span> <span class='ocrx_word' id='word_1_166' title='bbox 978 2751 1265 2823; x_wconf 84' lang='lat' dir='ltr'><strong>lllontanistarum</strong></span> <span class='ocrx_word' id='word_1_167' title='bbox 1292 2757 1350 2823; x_wconf 89' lang='lat' dir='ltr'><strong>fuit</strong></span> 
     </span>
     <span class='ocr_line' id='line_1_24' title="bbox 275 2853 1349 2950; baseline 0.002 -28"><span class='ocrx_word' id='word_1_168' title='bbox 275 2861 438 2950; x_wconf 75' lang='lat' dir='ltr'><strong>propnh.</strong></span> <span class='ocrx_word' id='word_1_169' title='bbox 462 2855 532 2924; x_wconf 81' lang='lat' dir='ltr'><strong>Cir.</strong></span> <span class='ocrx_word' id='word_1_170' title='bbox 548 2854 674 2921; x_wconf 84' lang='lat' dir='ltr'><strong>Christ.</strong></span> <span class='ocrx_word' id='word_1_171' title='bbox 696 2853 996 2934; x_wconf 86' lang='lat' dir='ltr'><strong>Heydeoreich</strong></span> <span class='ocrx_word' id='word_1_172' title='bbox 1015 2855 1105 2922; x_wconf 76' lang='lat' dir='ltr'><strong>oter</strong></span> <span class='ocrx_word' id='word_1_173' title='bbox 1126 2854 1162 2923; x_wconf 78' lang='grc'><strong>2.</strong></span> <span class='ocrx_word' id='word_1_174' title='bbox 1181 2857 1303 2925; x_wconf 73' lang='lat' dir='ltr'><strong>These.</strong></span> <span class='ocrx_word' id='word_1_175' title='bbox 1315 2856 1349 2942; x_wconf 82' lang='grc'><strong>2,</strong></span> 
     </span>
     <span class='ocr_line' id='line_1_25' title="bbox 285 2955 1372 3052; baseline -0.005 -24"><span class='ocrx_word' id='word_1_176' title='bbox 285 2957 440 3028; x_wconf 83' lang='grc'><strong>1-12,</strong></span> <span class='ocrx_word' id='word_1_177' title='bbox 469 2961 518 3024; x_wconf 82' lang='lat' dir='ltr'><strong>e&#39;m</strong></span> <span class='ocrx_word' id='word_1_178' title='bbox 543 2977 657 3025; x_wconf 76' lang='lat' dir='ltr'><strong>neuen</strong></span> <span class='ocrx_word' id='word_1_179' title='bbox 683 2955 876 3022; x_wconf 77' lang='lat' dir='ltr'><strong>krt‘te&#39;eohen</strong></span> <span class='ocrx_word' id='word_1_180' title='bbox 909 2957 1071 3026; x_wconf 76' lang='lat' dir='ltr'><strong>Jmmml</strong></span> <span class='ocrx_word' id='word_1_181' title='bbox 1096 2957 1164 3023; x_wconf 79' lang='lat' dir='ltr'><strong>der</strong></span> <span class='ocrx_word' id='word_1_182' title='bbox 1189 2958 1372 3052; x_wconf 66' lang='lat' dir='ltr'><strong>theologi·l</strong></span> 
     </span>
     <span class='ocr_line' id='line_1_26' title="bbox 279 3057 1372 3151; baseline -0.002 -23"><span class='ocrx_word' id='word_1_183' title='bbox 279 3059 384 3128; x_wconf 79' lang='lat' dir='ltr'><strong>eodm</strong></span> <span class='ocrx_word' id='word_1_184' title='bbox 396 3061 526 3130; x_wconf 69' lang='lat' dir='ltr'><strong>Later.</strong></span> <span class='ocrx_word' id='word_1_185' title='bbox 546 3081 612 3127; x_wconf 79' lang='lat' dir='ltr'><strong>nou</strong></span> <span class='ocrx_word' id='word_1_186' title='bbox 630 3059 785 3127; x_wconf 72' lang='lat' dir='ltr'><strong>Wom</strong></span> <span class='ocrx_word' id='word_1_187' title='bbox 805 3058 882 3123; x_wconf 81' lang='lat' dir='ltr'><strong>und</strong></span> <span class='ocrx_word' id='word_1_188' title='bbox 898 3058 1191 3151; x_wconf 79' lang='lat' dir='ltr'><strong>Engelhordt,</strong></span> <span class='ocrx_word' id='word_1_189' title='bbox 1206 3057 1247 3126; x_wconf 80' lang='lat'><strong>8.</strong></span> <span class='ocrx_word' id='word_1_190' title='bbox 1261 3059 1349 3128; x_wconf 70' lang='lat' dir='ltr'><strong>M.</strong></span> <span class='ocrx_word' id='word_1_191' title='bbox 1371 3071 1372 3096; x_wconf 65' lang='lat'>¹</span> 
     </span>
     <span class='ocr_line' id='line_1_27' title="bbox 281 3158 1372 3250; baseline -0.005 -19"><span class='ocrx_word' id='word_1_192' title='bbox 281 3163 333 3232; x_wconf 73' lang='lat' dir='ltr'><strong>St.</strong></span> <span class='ocrx_word' id='word_1_193' title='bbox 352 3160 468 3229; x_wconf 80' lang='grc'><strong>1828.</strong></span> <span class='ocrx_word' id='word_1_194' title='bbox 490 3185 524 3250; x_wconf 88' lang='lat' dir='ltr'><strong>p.</strong></span> <span class='ocrx_word' id='word_1_195' title='bbox 540 3161 628 3228; x_wconf 76' lang='lat'>135.</span> <span class='ocrx_word' id='word_1_196' title='bbox 649 3182 721 3250; x_wconf 82' lang='lat' dir='ltr'><strong>sqq.</strong></span> <span class='ocrx_word' id='word_1_197' title='bbox 766 3160 862 3236; x_wconf 81' lang='lat' dir='ltr'><strong>Coae</strong></span> <span class='ocrx_word' id='word_1_198' title='bbox 882 3158 958 3228; x_wconf 91' lang='lat' dir='ltr'><strong>loco</strong></span> <span class='ocrx_word' id='word_1_199' title='bbox 982 3161 1124 3228; x_wconf 88' lang='lat' dir='ltr'><strong>Paulino</strong></span> <span class='ocrx_word' id='word_1_200' title='bbox 1147 3160 1189 3227; x_wconf 88' lang='lat' dir='ltr'><strong>dc</strong></span> <span class='ocrx_word' id='word_1_201' title='bbox 1219 3161 1372 3228; x_wconf 72' lang='lat' dir='ltr'><strong>hominel</strong></span> 
     </span>
     <span class='ocr_line' id='line_1_28' title="bbox 282 3260 1372 3351; baseline -0.002 -21"><span class='ocrx_word' id='word_1_202' title='bbox 282 3265 426 3351; x_wconf 87' lang='lat' dir='ltr'><strong>quodum</strong></span> <span class='ocrx_word' id='word_1_203' title='bbox 450 3262 596 3329; x_wconf 86' lang='lat' dir='ltr'><strong>scelesto</strong></span> <span class='ocrx_word' id='word_1_204' title='bbox 620 3269 654 3329; x_wconf 88' lang='lat' dir='ltr'><strong>et</strong></span> <span class='ocrx_word' id='word_1_205' title='bbox 673 3263 828 3329; x_wconf 80' lang='lat' dir='ltr'><strong>fastuoso</strong></span> <span class='ocrx_word' id='word_1_206' title='bbox 851 3263 1018 3348; x_wconf 89' lang='lat' dir='ltr'><strong>dicuntur,</strong></span> <span class='ocrx_word' id='word_1_207' title='bbox 1041 3261 1168 3330; x_wconf 81' lang='lat' dir='ltr'><strong>Christi</strong></span> <span class='ocrx_word' id='word_1_208' title='bbox 1191 3260 1350 3331; x_wconf 88' lang='lat' dir='ltr'><strong>adversa·</strong></span> <span class='ocrx_word' id='word_1_209' title='bbox 1371 3267 1372 3320; x_wconf 86' lang='lat' dir='ltr'><strong>l</strong></span> 
     </span>
     <span class='ocr_line' id='line_1_29' title="bbox 279 3362 1372 3450; baseline 0 -21"><span class='ocrx_word' id='word_1_210' title='bbox 279 3364 349 3449; x_wconf 89' lang='lat' dir='ltr'><strong>rio,</strong></span> <span class='ocrx_word' id='word_1_211' title='bbox 372 3363 422 3429; x_wconf 91' lang='lat' dir='ltr'><strong>ita</strong></span> <span class='ocrx_word' id='word_1_212' title='bbox 442 3362 552 3450; x_wconf 90' lang='lat' dir='ltr'><strong>palam</strong></span> <span class='ocrx_word' id='word_1_213' title='bbox 574 3363 765 3450; x_wconf 85' lang='lat' dir='ltr'><strong>proditura,</strong></span> <span class='ocrx_word' id='word_1_214' title='bbox 787 3372 825 3431; x_wconf 89' lang='lat' dir='ltr'><strong>ut</strong></span> <span class='ocrx_word' id='word_1_215' title='bbox 847 3385 950 3450; x_wconf 84' lang='lat' dir='ltr'><strong>supra</strong></span> <span class='ocrx_word' id='word_1_216' title='bbox 971 3363 1079 3450; x_wconf 81' lang='lat' dir='ltr'><strong>ipsum</strong></span> <span class='ocrx_word' id='word_1_217' title='bbox 1101 3363 1211 3430; x_wconf 87' lang='lat' dir='ltr'><strong>Deum</strong></span> <span class='ocrx_word' id='word_1_218' title='bbox 1235 3387 1349 3434; x_wconf 84' lang='lat' dir='ltr'><strong>verum</strong></span> <span class='ocrx_word' id='word_1_219' title='bbox 1371 3367 1372 3430; x_wconf 90' lang='lat' dir='ltr'><strong>l</strong></span> 
     </span>
     <span class='ocr_line' id='line_1_30' title="bbox 281 3463 1349 3556; baseline 0.002 -25"><span class='ocrx_word' id='word_1_220' title='bbox 281 3484 360 3532; x_wconf 86' lang='lat' dir='ltr'><strong>sese</strong></span> <span class='ocrx_word' id='word_1_221' title='bbox 384 3466 515 3550; x_wconf 80' lang='lat' dir='ltr'><strong>efferat,</strong></span> <span class='ocrx_word' id='word_1_222' title='bbox 537 3463 753 3552; x_wconf 88' lang='lat' dir='ltr'><strong>hominesque</strong></span> <span class='ocrx_word' id='word_1_223' title='bbox 769 3472 804 3532; x_wconf 89' lang='lat' dir='ltr'><strong>et</strong></span> <span class='ocrx_word' id='word_1_224' title='bbox 824 3471 980 3551; x_wconf 85' lang='lat' dir='ltr'><strong>potenter</strong></span> <span class='ocrx_word' id='word_1_225' title='bbox 997 3464 1100 3531; x_wconf 82' lang='lat' dir='ltr'><strong>fectis</strong></span> <span class='ocrx_word' id='word_1_226' title='bbox 1121 3465 1349 3556; x_wconf 82' lang='lat' dir='ltr'><strong>prodigiisque</strong></span> 
     </span>
     <span class='ocr_line' id='line_1_31' title="bbox 280 3565 1348 3655; baseline -0.001 -21"><span class='ocrx_word' id='word_1_227' title='bbox 280 3565 477 3652; x_wconf 86' lang='lat' dir='ltr'><strong>fallacibus,</strong></span> <span class='ocrx_word' id='word_1_228' title='bbox 506 3574 541 3632; x_wconf 91' lang='lat' dir='ltr'><strong>et</strong></span> <span class='ocrx_word' id='word_1_229' title='bbox 568 3567 686 3654; x_wconf 89' lang='lat' dir='ltr'><strong>quovis</strong></span> <span class='ocrx_word' id='word_1_230' title='bbox 719 3565 785 3632; x_wconf 88' lang='lat' dir='ltr'><strong>alio</strong></span> <span class='ocrx_word' id='word_1_231' title='bbox 814 3566 944 3632; x_wconf 88' lang='lat' dir='ltr'><strong>fraudis</strong></span> <span class='ocrx_word' id='word_1_232' title='bbox 977 3589 1103 3653; x_wconf 85' lang='lat' dir='ltr'><strong>genere</strong></span> <span class='ocrx_word' id='word_1_233' title='bbox 1130 3589 1153 3634; x_wconf 92' lang='lat' dir='ltr'><strong>a</strong></span> <span class='ocrx_word' id='word_1_234' title='bbox 1184 3568 1348 3655; x_wconf 83' lang='lat' dir='ltr'><strong>religione</strong></span> 
     </span>
     <span class='ocr_line' id='line_1_32' title="bbox 282 3667 1349 3757; baseline -0.004 -20"><span class='ocrx_word' id='word_1_235' title='bbox 282 3677 318 3738; x_wconf 90' lang='lat' dir='ltr'><strong>et</strong></span> <span class='ocrx_word' id='word_1_236' title='bbox 343 3667 468 3737; x_wconf 87' lang='lat' dir='ltr'><strong>virtute</strong></span> <span class='ocrx_word' id='word_1_237' title='bbox 501 3689 585 3735; x_wconf 82' lang='lat' dir='ltr'><strong>vera</strong></span> <span class='ocrx_word' id='word_1_238' title='bbox 615 3675 772 3736; x_wconf 88' lang='lat' dir='ltr'><strong>avertere</strong></span> <span class='ocrx_word' id='word_1_239' title='bbox 787 3669 950 3755; x_wconf 49' lang='lat' dir='ltr'><strong>‘studeam</strong></span> <span class='ocrx_word' id='word_1_240' title='bbox 977 3669 1083 3757; x_wconf 86' lang='lat' dir='ltr'><strong>ipsius</strong></span> <span class='ocrx_word' id='word_1_241' title='bbox 1110 3690 1193 3739; x_wconf 80' lang='lat' dir='ltr'><strong>vero</strong></span> <span class='ocrx_word' id='word_1_242' title='bbox 1222 3669 1349 3738; x_wconf 87' lang='lat' dir='ltr'><strong>Christi</strong></span> 
     </span>
     <span class='ocr_line' id='line_1_33' title="bbox 278 3767 1349 3862; baseline -0.004 -22"><span class='ocrx_word' id='word_1_243' title='bbox 278 3767 448 3862; x_wconf 78' lang='grc' dir='ltr'><strong><em>παρουσίᾳ</em></strong></span> <span class='ocrx_word' id='word_1_244' title='bbox 467 3789 606 3855; x_wconf 88' lang='lat' dir='ltr'><strong>prorsus</strong></span> <span class='ocrx_word' id='word_1_245' title='bbox 629 3769 836 3836; x_wconf 83' lang='lat' dir='ltr'><strong>conficiendo</strong></span> <span class='ocrx_word' id='word_1_246' title='bbox 849 3772 1096 3860; x_wconf 90' lang='lat' dir='ltr'><strong>perdendoque‚</strong></span> <span class='ocrx_word' id='word_1_247' title='bbox 1117 3770 1160 3839; x_wconf 93' lang='lat' dir='ltr'><strong>iis</strong></span> <span class='ocrx_word' id='word_1_248' title='bbox 1183 3779 1349 3859; x_wconf 86' lang='lat' dir='ltr'><strong>apparent</strong></span> 
     </span>
     <span class='ocr_line' id='line_1_34' title="bbox 279 3869 1347 3971; baseline -0.007 -28"><span class='ocrx_word' id='word_1_249' title='bbox 279 3873 418 3958; x_wconf 82' lang='lat' dir='ltr'><strong>similia,</strong></span> <span class='ocrx_word' id='word_1_250' title='bbox 441 3892 527 3959; x_wconf 90' lang='lat' dir='ltr'><strong>quae</strong></span> <span class='ocrx_word' id='word_1_251' title='bbox 547 3869 712 3971; x_wconf 46' lang='lat' dir='ltr'><strong>Joanncs&#39;</strong></span> <span class='ocrx_word' id='word_1_252' title='bbox 722 3869 900 3959; x_wconf 86' lang='lat' dir='ltr'><strong>aliquoties</strong></span> <span class='ocrx_word' id='word_1_253' title='bbox 921 3869 959 3956; x_wconf 91' lang='lat' dir='ltr'><strong>(l.</strong></span> <span class='ocrx_word' id='word_1_254' title='bbox 982 3893 1034 3958; x_wconf 88' lang='lat' dir='ltr'><strong>ep.</strong></span> <span class='ocrx_word' id='word_1_255' title='bbox 1050 3869 1086 3956; x_wconf 88' lang='grc'><strong>2,</strong></span> <span class='ocrx_word' id='word_1_256' title='bbox 1104 3869 1163 3940; x_wconf 80' lang='grc'><strong>18.</strong></span> <span class='ocrx_word' id='word_1_257' title='bbox 1178 3869 1243 3938; x_wconf 91' lang='grc'><strong>22.</strong></span> <span class='ocrx_word' id='word_1_258' title='bbox 1258 3872 1297 3958; x_wconf 84' lang='grc'><strong>4,</strong></span> <span class='ocrx_word' id='word_1_259' title='bbox 1313 3871 1347 3936; x_wconf 86' lang='grc'><strong>3.</strong></span> 
     </span>
     <span class='ocr_line' id='line_1_35' title="bbox 277 3969 1348 4064; baseline -0.007 -20"><span class='ocrx_word' id='word_1_260' title='bbox 277 3975 324 4043; x_wconf 86' lang='lat' dir='ltr'><strong>ll.</strong></span> <span class='ocrx_word' id='word_1_261' title='bbox 350 3999 403 4064; x_wconf 78' lang='lat' dir='ltr'><strong>ep.</strong></span> <span class='ocrx_word' id='word_1_262' title='bbox 431 3997 463 4044; x_wconf 80' lang='lat' dir='ltr'><strong>v.</strong></span> <span class='ocrx_word' id='word_1_263' title='bbox 482 3973 540 4060; x_wconf 83' lang='grc'><strong>7.)</strong></span> <span class='ocrx_word' id='word_1_264' title='bbox 567 3973 608 4040; x_wconf 82' lang='lat' dir='ltr'><strong>dc</strong></span> <span class='ocrx_word' id='word_1_265' title='bbox 634 3969 831 4064; x_wconf 80' lang='grc' dir='ltr'><em>ἂντιχρίστῳ</em></span> <span class='ocrx_word' id='word_1_266' title='bbox 866 3971 985 4057; x_wconf 78' lang='lat' dir='ltr'><strong>habet,</strong></span> <span class='ocrx_word' id='word_1_267' title='bbox 1016 3991 1102 4062; x_wconf 80' lang='lat' dir='ltr'><strong>quoe</strong></span> <span class='ocrx_word' id='word_1_268' title='bbox 1131 3973 1348 4061; x_wconf 76' lang='lat' dir='ltr'><strong>apocalypsis</strong></span> 
     </span>
     <span class='ocr_line' id='line_1_36' title="bbox 279 4071 1347 4162; baseline -0.002 -20"><span class='ocrx_word' id='word_1_269' title='bbox 279 4097 312 4144; x_wconf 87' lang='lat' dir='ltr'><strong>c.</strong></span> <span class='ocrx_word' id='word_1_270' title='bbox 330 4075 391 4144; x_wconf 89' lang='grc'><strong>12.</strong></span> <span class='ocrx_word' id='word_1_271' title='bbox 416 4098 447 4143; x_wconf 85' lang='lat' dir='ltr'><strong>o·</strong></span> <span class='ocrx_word' id='word_1_272' title='bbox 471 4072 532 4142; x_wconf 81' lang='lat'><strong>13.</strong></span> <span class='ocrx_word' id='word_1_273' title='bbox 555 4071 949 4162; x_wconf 77' lang='lat' dir='ltr'><strong>c.17,v.14.sqq.n1.</strong></span> <span class='ocrx_word' id='word_1_274' title='bbox 973 4074 1014 4140; x_wconf 90' lang='lat' dir='ltr'><strong>de</strong></span> <span class='ocrx_word' id='word_1_275' title='bbox 1036 4073 1243 4140; x_wconf 85' lang='lat' dir='ltr'><strong>adversariis</strong></span> <span class='ocrx_word' id='word_1_276' title='bbox 1265 4097 1347 4142; x_wconf 91' lang='lat' dir='ltr'><strong>nun-</strong></span> 
     </span>
     <span class='ocr_line' id='line_1_37' title="bbox 278 4175 1371 4264; baseline -0.004 -19"><span class='ocrx_word' id='word_1_277' title='bbox 278 4179 345 4245; x_wconf 89' lang='lat' dir='ltr'><strong>tiat</strong></span> <span class='ocrx_word' id='word_1_278' title='bbox 365 4183 484 4244; x_wconf 84' lang='lat' dir='ltr'><strong>eontra</strong></span> <span class='ocrx_word' id='word_1_279' title='bbox 505 4175 666 4244; x_wconf 76' lang='lat' dir='ltr'><strong>Messium</strong></span> <span class='ocrx_word' id='word_1_280' title='bbox 693 4176 910 4264; x_wconf 78' lang='lat' dir='ltr'><strong>pugnaturis,</strong></span> <span class='ocrx_word' id='word_1_281' title='bbox 936 4197 1022 4263; x_wconf 88' lang='lat' dir='ltr'><strong>quae</strong></span> <span class='ocrx_word' id='word_1_282' title='bbox 1043 4175 1168 4242; x_wconf 83' lang='lat' dir='ltr'><strong>Judaei</strong></span> <span class='ocrx_word' id='word_1_283' title='bbox 1197 4177 1347 4243; x_wconf 85' lang='lat' dir='ltr'><strong>seriores</strong></span> <span class='ocrx_word' id='word_1_284' title='bbox 1370 4197 1371 4234; x_wconf 81' lang='lat'>1</span> 
     </span>
     <span class='ocr_line' id='line_1_38' title="bbox 281 4249 1371 4366; baseline -0.005 -19"><span class='ocrx_word' id='word_1_285' title='bbox 281 4279 324 4347; x_wconf 85' lang='lat' dir='ltr'><strong>de</strong></span> <span class='ocrx_word' id='word_1_286' title='bbox 347 4277 587 4348; x_wconf 87' lang='lat' dir='ltr'><strong>certaminibus</strong></span> <span class='ocrx_word' id='word_1_287' title='bbox 607 4279 758 4348; x_wconf 83' lang='lat' dir='ltr'><strong>hlessiae</strong></span> <span class='ocrx_word' id='word_1_288' title='bbox 778 4277 901 4346; x_wconf 78' lang='lat' dir='ltr'><strong>futuris</strong></span> <span class='ocrx_word' id='word_1_289' title='bbox 921 4277 1116 4366; x_wconf 86' lang='lat' dir='ltr'><strong>perhibent,</strong></span> <span class='ocrx_word' id='word_1_290' title='bbox 1139 4278 1208 4362; x_wconf 83' lang='lat' dir='ltr'><strong>(vd.</strong></span> <span class='ocrx_word' id='word_1_291' title='bbox 1229 4277 1346 4345; x_wconf 90' lang='lat' dir='ltr'><strong>Bert·</strong></span> <span class='ocrx_word' id='word_1_292' title='bbox 1370 4249 1371 4304; x_wconf 82' lang='lat' dir='ltr'><strong>l</strong></span> 
     </span>
    </p>
   </div>
   <div class='ocr_carea' id='block_1_5' title="bbox 0 0 1406 4956">
    <p class='ocr_par' dir='ltr' id='par_1_5' title="bbox 0 0 1406 4956">
     <span class='ocr_line' id='line_1_39' title="bbox 0 0 1406 4956; baseline 0 3"><span class='ocrx_word' id='word_1_293' title='bbox 0 0 1406 4956; x_wconf 95' lang='lat' dir='ltr'><strong> </strong></span> 
     </span>
    </p>
   </div>
  </div>
 </body>
</html>
