2726 4956
221 480 377 572 Epistola
397 485 442 552 od
463 481 618 554 tlalatos.
641 483 720 558 tii
740 483 783 557 V·
801 481 971 555 18-24.
1053 483 1133 556 855

60 657 206 736 imane,
233 673 327 736 nequo
352 658 500 722 docuisse
531 675 586 736 per.
616 659 773 736 Apostolos
798 661 1020 738 cognoscendae
1045 677 1135 724 cansa

62 761 283 836 Hierosolymas
314 765 462 836 proiectus
496 765 609 839 iuerat,
639 764 693 822 sed
727 757 960 842 inruptionis
995 763 1135 841 Κηφᾶν.

62 865 185 922 Praeter
205 865 323 923 Petrum
344 867 374 922 et
392 864 459 924 iac.
484 863 534 923 llio
554 867 683 936 tempore
709 864 849 924 neminem
876 867 947 924 vidit
971 865 1135 942 legatorum

63 965 180 1024 christi
200 965 321 1024 Patebat
339 965 422 1043 inde,
449 965 690 1038 praedicationem
709 967 856 1043 evangeiii
875 967 1031 1044 Paulinam,
1059 983 1135 1044 quae

62 1067 187 1124 mxime
219 1071 340 1144 urgeret
373 1067 587 1144 abrogationem
626 1067 852 1126 circumcisionis
883 1069 1026 1143 totiusque
1058 1068 1135 1146 legis

61 1167 231 1244 llossicae,
259 1183 437 1242 nequaqnam
457 1184 496 1226 ex
514 1168 552 1226 ils
572 1167 722 1228 oriundam
750 1184 832 1246 esse,
870 1185 945 1246 qnae
970 1174 1030 1229 tum
1057 1175 1135 1229 tem-

62 1269 139 1342 poris
173 1270 362 1345 cognovisset
389 1271 608 1343 Hierosolymis
656 1271 783 1346 Uterque
810 1271 887 1331 enlm
914 1276 944 1330 et
967 1273 1073 1332 Pecus
1105 1275 1136 1330 ct

61 1371 191 1430 leonius
225 1371 319 1430 minor
351 1371 526 1445 aliquamdiu
559 1375 640 1432 certe
673 1373 770 1450 magis
801 1373 969 1450 indulgebat
1001 1373 1136 1432 indam-

63 1473 253 1550 Citristianis,
283 1472 362 1550 legis
386 1473 539 1533 Moesicae
570 1473 773 1534 necessitatem
804 1477 957 1536 etiamnum
983 1476 1136 1553 tuentibus,

62 1575 116 1633 eir.
137 1589 166 1632 o.
186 1575 227 1632 11.
248 1589 278 1632 v.
303 1572 354 1632 11.
375 1589 437 1648 sqq.
478 1576 601 1634 Patebat
626 1575 761 1653 insuper,
792 1577 831 1634 de
857 1577 1026 1636 auctoritato
1052 1577 1137 1637 Pauli

62 1677 223 1749 spumolioa
247 1675 296 1733 ilio
321 1679 451 1748 tempore
477 1676 548 1734 nihil
575 1675 668 1736 luisoe
688 1677 871 1736 constitutum
893 1679 1035 1738 communi
1055 1694 1134 1754 quo-

62 1779 125 1836 dam
157 1777 368 1851 Apostolorum
401 1778 526 1836 omnium
558 1778 686 1837 decreto.
740 1778 889 1855 Ceterum,
931 1779 1007 1854 quod
1037 1780 1137 1840 lium

61 1881 140 1942 Acti.
168 1883 205 1958 9,
229 1881 285 1940 27.
314 1877 462 1956 perhibet,
494 1880 615 1938 Panium
644 1878 861 1954 niemsolyms
890 1883 1052 1956 proiectum
1083 1898 1137 1956 per

61 1983 224 2042 mnam
245 1979 356 2040 socium
376 1981 415 2038 ad
436 1980 594 2054 Apostolos
613 1979 767 2040 deductum
787 1981 881 2041 luisse
898 1983 992 2056 lisque
1012 1983 1137 2042 maxime

62 2083 303 2160 commistum,
322 2081 440 2141 minim
461 2083 632 2142 contradicit
643 2081 803 2142 testimonio
815 2083 908 2159 Pauli,
927 2084 1001 2144 duos
1017 2089 1137 2162 anm,

62 2201 134 2258 unns
155 2189 219 2242 tum
240 2185 278 2242 do
303 2183 382 2243 tocie
408 2187 593 2262 cognoverit,
611 2183 770 2258 Apostolos
791 2185 1054 2264 commemorantis,
1081 2184 1137 2246 etsi

59 2284 152 2346 oratio
173 2285 277 2344 Lucae
296 2285 365 2344 lul.
393 2285 488 2345 minus
515 2289 653 2346 menno
672 2289 702 2342 et
726 2285 842 2344 definita
868 2291 1014 2361 appareat.
1056 2287 1137 2345 linr-

56 2391 153 2448 raiae
176 2387 289 2446 consitis
317 2385 364 2447 sui
384 2401 442 2446 non
469 2387 591 2448 habebat
618 2387 779 2460 Apostolus
806 2388 883 2466 quod
909 2387 939 2446 ln.
961 2389 981 2446 l.
1006 2388 1135 2448 mentio-

54 2507 129 2550 nem
151 2489 295 2549 iniceret
345 2487 453 2557 Quaeri
478 2490 576 2564 utique
607 2489 715 2566 possit,
746 2503 804 2563 qno
829 2489 894 2548 iure
923 2489 1137 2562 exspectaverit

54 2591 187 2668 Paula,
212 2591 330 2650 Galatas
349 2591 436 2650 ddom
464 2589 686 2650 dormituros
713 2605 792 2666 csse,
816 2589 984 2663 simpliciter
1003 2591 1079 2650 haec
1098 2591 1137 2650 de

52 2693 212 2752 insenius
231 2693 294 2751 mis
314 2687 482 2752 enarrandi
502 2692 630 2752 Primum
650 2691 765 2767 quidem
785 2705 835 2750 res
849 2693 1000 2750 omnuim
1015 2692 1046 2750 ln
1058 2693 1137 2751 lacto

53 2795 187 2870 positae,
214 2809 334 2868 quarum
354 2793 487 2852 veritatis
512 2797 603 2852 teste
622 2794 735 2870 idonei,
760 2792 811 2868 qni
835 2793 955 2852 Paulini
976 2796 1007 2851 et
1025 2795 1137 2854 litero-

53 2897 181 2969 solymis
202 2899 231 2954 ct
250 2895 320 2954 aiibi
339 2897 485 2972 viderant,
512 2894 539 2954 sl
565 2910 637 2970 quos
663 2895 782 2954 uiuos
809 2895 1022 2971 desiderarent,
1050 2893 1137 2954 excl-

57 3000 113 3057 iari
134 2998 227 3058 meite
246 2997 416 3070 potuissent.
463 2997 529 3056 Noc
554 3001 664 3059 temere
690 2995 900 3072 exisdmamtm,
933 3010 1020 3068 quum
1045 2995 1136 3068 Apo-

56 3101 151 3160 stolus
178 3113 237 3174 (ou
256 3103 384 3172 tempore
404 3098 459 3158 inas
485 3099 596 3158 litteras
624 3101 759 3156 curaret
788 3097 890 3156 iterata
916 3095 984 3153 vice
1010 3093 1041 3154 in
1068 3096 1134 3154 tla-

58 3201 129 3260 istia
149 3205 347 3259 commoratus
366 3201 471 3260 luisset
492 3199 559 3277 (vd.
571 3199 706 3275 proiegg.
717 3197 749 3272 ς.
761 3197 827 3275 tl),
851 3195 930 3256 haud
949 3194 1051 3270 paucis
1070 3196 1136 3254 os-

58 3302 185 3364 htsrun
212 3301 383 3376 iampridem
410 3301 584 3378 innomisse,
610 3316 685 3376 quae
711 3297 819 3358 Psuiim
845 3298 882 3357 de
907 3297 1058 3357 itineribus
1077 3297 1136 3356 tilis

56 3405 193 3483 timet,
220 3417 278 3460 non
297 3408 355 3462 tam
375 3419 453 3464 nova
472 3403 509 3460 lis
530 3402 723 3476 mundaturus,
748 3416 834 3474 quant
855 3400 953 3458 andita
972 3399 1002 3460 iu
1023 3415 1137 3458 memo-

56 3507 133 3566 riam
159 3509 369 3582 moesturos,
396 3519 453 3579 quo
479 3503 588 3562 rectius
621 3503 849 3579 intelligeretur,
881 3501 957 3576 quod
990 3517 1080 3574 supra
1105 3517 1136 3561 v.

56 3606 110 3666 11.
124 3606 179 3666 ta.
199 3605 389 3664 adtirrnssset.
431 3603 554 3682 Deinde,
573 3605 625 3680 qui
644 3606 682 3664 de
702 3605 813 3666 Galatis
832 3603 872 3662 ad
892 3601 1039 3662 Christum
1060 3615 1136 3660 cos-

57 3707 212 3768 rcrtflidis
233 3709 290 3764 tarn
311 3705 434 3784 egregie
455 3707 573 3766 meritus
600 3709 713 3784 mersi,
736 3707 831 3780 lisque
851 3705 983 3778 pietetem
1004 3718 1085 3761 suam
1106 3705 1137 3760 et

56 3811 252 3870 molbium
273 3806 339 3864 olirn
359 3808 406 3892 lta·
418 3810 607 3884 probaverat,
637 3812 669 3866 ut
695 3822 761 3867 eum
781 3821 880 3866 amore
899 3817 1010 3864 summo
1028 3807 1061 3861 et
1080 3805 1138 3862 nii-

55 3911 209 3970 servantia
229 3914 470 3984 prosequerentur
491 3909 549 3985 (G.
562 3910 619 3970 iv.
647 3925 677 3968 v.
694 3903 852 3984 it.1it.),
879 3905 958 3964 haud
976 3903 1138 3962 verendum

55 4017 195 4088 putat,
224 4026 263 4070 ue
289 4011 384 4084 ipsum
411 4011 554 4070 mendacii
579 4025 662 4070 reum
681 4008 806 4068 habituri
826 4009 942 4081 essent,
967 4004 1138 4079 praesertim

55 4117 85 4176 si
106 4114 265 4174 formulam
291 4113 413 4170 adderet
437 4111 553 4172 veritati
579 4115 680 4172 sancte
705 4108 900 4170 cddrutandae
925 4106 1141 4185 inservientem,

58 4219 178 4293 quiem
197 4234 229 4277 v.
241 4213 294 4272 20.
315 4211 443 4272 exhibet:
464 4203 506 4272 ‘A
526 4209 566 4274 oi
586 4209 663 4292 ypsi
672 4231 732 4288 φω
750 4215 805 4270 etc.
825 4209 874 4268 noi
894 4213 959 4284 post
979 4207 1037 4270 reri
1057 4208 1138 4270 θεοῦ

62 4321 154 4380 tacite
181 4313 372 4390 repetendum
398 4307 533 4394 ypnipce
565 4329 645 4392 poue
675 4314 758 4374 codis
787 4313 886 4374 actito
917 4309 1028 4390 (lutei.
1062 4310 1139 4386 quod
