2802 4956
460 467 772 566 Prolegomena.
1095 471 1151 546 2⁷

60 659 171 728 sero,
191 641 275 730 prod
299 640 446 708 effatum
468 639 637 728 posterius
658 641 796 730 attinet,
818 643 925 712 verba
945 663 978 713 v.
992 643 1031 713 ἢ.
1052 639 1151 714 αὐτοὶ

66 741 134 830 γὰρ
162 739 358 834 ἀκριβῶς
391 745 547 820 οἴδατε,
576 735 629 811 ὅτι
658 739 681 822 ἦ
704 741 810 836 ἡμέρα
831 747 978 836 Κυρίου,
1006 741 1050 827 ὥς
1077 749 1151 815 κλέ-

68 872 149 926 πτας
168 849 204 914 ἐν
222 851 346 921 νυκτὶ,
369 839 478 927 οὕτως
502 845 645 935 ἔρχεται,
678 849 817 936 docent,
839 849 974 937 opinor,
1003 849 1149 936 Aposto-

65 947 131 1014 lum
152 971 185 1016 r.
204 949 239 1015 1.
263 949 336 1016 boc
359 949 426 1014 sibi
446 948 610 1018 voluisse:
636 951 678 1018 de
700 958 852 1038 tempore
873 953 1004 1018 reditus
1022 949 1151 1020 Christi

64 1053 136 1116 im
169 1053 375 1142 areeps‘atr's,
406 1073 495 1140 quae
527 1054 572 1118 ad
604 1053 766 1140 pietatem
795 1051 1023 1120 Christianam
1055 1051 1150 1120 suffi-

3 1221 5 1226 ,
70 1153 178 1238 aiant,
203 1155 249 1220 its
276 1161 320 1220 nt
356 1175 647 1240 supervacaneum
671 1155 843 1241 videatur,
872 1155 995 1222 litteris
1017 1154 1084 1224 hae
1106 1157 1150 1224 de

71 1275 110 1319 re
121 1253 223 1322 fusius
244 1275 428 1342 exponere
450 1252 508 1338 (οὐ
520 1257 633 1346 χρείαν
649 1254 734 1346 ἔχετε
751 1252 830 1344 ὑμῖν
849 1257 1065 1349 γράφεσθαι,
1084 1258 1148 1326 etr.

69 1355 235 1440 e.1‚v.8.
249 1351 342 1423 diors
357 1353 407 1443 μὴ
420 1358 535 1448 χρείαν
556 1355 644 1446 ἡμᾶς
666 1359 749 1447 ἔχειν
769 1361 879 1427 λαλεῖν
892 1385 935 1434 τι,
958 1359 1015 1427 ubi
1030 1359 1150 1428 eadem

68 1455 200 1542 phrasis
212 1461 255 1526 de
276 1483 319 1528 re
334 1459 476 1526 aliunde
497 1461 582 1528 satis
595 1463 732 1548 cognita
742 1466 954 1548 usurpatur).
988 1459 1150 1552 Nihilque

72 1557 221 1646 impedit,
239 1583 309 1650 quo
330 1561 445 1626 minus
465 1562 540 1630 vbb.
558 1565 616 1631 ΙΙ.
632 1561 799 1630 Thessala
820 1562 858 1651 2,
876 1563 912 1630 5.
927 1563 976 1632 ἔτι
998 1557 1045 1632 ὢν
1065 1562 1150 1655 πρὸς

72 1655 155 1744 ὑμᾶς
175 1665 217 1729 de
239 1666 365 1730 eodem
388 1671 541 1750 ternpore
563 1664 842 1752 interpretemur,
872 1688 936 1753 quo
959 1665 1149 1736 Thessalo·

80 1763 249 1846 niesnses,
268 1773 457 1850 praeeunte
478 1764 605 1852 Paulo,
633 1767 677 1831 ad
699 1787 802 1831 saera
822 1765 1017 1834 Christiana
1038 1777 1149 1836 trans·

80 1863 191 1931 ierant.
242 1865 353 1940 Quum
384 1865 571 1932 Christiani
607 1889 728 1934 recens
763 1866 908 1934 instituti
941 1868 1044 1956 paulo
1071 1877 1151 1957 post

74 1966 126 2032 rel
149 1972 238 2036 ι’ωτο
269 1968 439 2058 capellata
472 1969 527 2040 vel
560 1973 669 2036 anate
701 1979 738 2035 et
766 1967 910 2036 sollerte
946 1977 1150 2058 exspectare

72 2072 260 2158 coepissent
294 2069 489 2158 παρουσίαν
525 2071 685 2157 Domini,
718 2069 905 2158 Apostolus
937 2071 1149 2140 consultissi-

70 2195 156 2238 mum
175 2173 335 2260 putabat,
358 2179 398 2240 ut
420 2191 480 2238 eos
501 2172 605 2260 probe
627 2175 848 2260 perpendere,
869 2182 905 2241 et
925 2175 1147 2262 persuasione

71 2271 164 2340 firma
187 2273 355 2362 amplecti
385 2273 535 2361 iuberet,
564 2297 651 2364 quaa
677 2287 738 2341 ore
766 2276 951 2342 docuisset.
995 2277 1028 2364 e)
1050 2276 1148 2353 Quae

70 2373 186 2462 Epll.
208 2379 255 2444 ad
283 2375 445 2443 Thessal.
466 2374 504 2462 2,
525 2375 561 2442 7.
584 2378 627 2444 de
654 2377 885 2465 κατέχοντι
907 2379 1065 2446 dicuntur
1088 2382 1148 2464 (de

72 2499 126 2564 eo,
153 2479 208 2568 qni
231 2477 488 2566 improbitatem
511 2501 672 2544 summam
696 2480 730 2546 in
759 2479 891 2547 occulto
913 2481 980 2548 iam
1008 2501 1147 2568 serpen·

69 2587 134 2645 tem
154 2581 344 2648 etiamnum
376 2581 547 2666 cohibeat)
575 2579 818 2648 Koebler'us
846 2602 879 2668 p.
900 2579 988 2650 120.
1009 2605 1081 2673 sqq.
1103 2585 1148 2649 de

69 2677 274 2767 Imperatore
287 2679 404 2749 Galba
420 2681 673 2770 interpretatur,
696 2685 973 2773 quemadmodum
988 2680 1034 2753 τὸ
1056 2711 1147 2753 κατ-

70 2784 163 2868 έχον
190 2809 223 2852 τ.
243 2783 286 2851 6.
316 2785 428 2872 (quod
457 2783 705 2852 Antichristum
733 2787 912 2874 impediat,
941 2809 1007 2876 quo
1036 2787 1147 2854 minus

74 2885 167 2950 eitius
187 2885 303 2974 palam
327 2887 488 2972 prodeat,
510 2907 609 2973 quam
631 2893 783 2974 tompore
806 2888 839 2958 ei
861 2889 1060 2976 constituto)
1086 2887 1147 2954 im-

76 2987 196 3071 perinm
229 2989 425 3054 Romanum
460 2986 599 3058 inuuere
636 2989 824 3075 existimat,
860 2990 948 3057 inter
983 2987 1148 3058 tumultus

79 3085 254 3155 hanandon
288 3089 324 3155 in
363 3090 479 3156 decem
512 3109 621 3173 regna
653 3090 915 3177 dispergendum
946 3087 1149 3177 (praeebnte

87 3187 231 3253 Dasea
248 3214 277 3257 ο.
292 3191 331 3277 7,
355 3213 389 3260 v.
409 3189 446 3256 7.
464 3187 500 3255 S.
516 3187 729 3277 2345.»
757 3191 952 3280 priusquam
974 3191 1148 3260 Antichri-

79 3295 153 3354 stus
165 3289 403 3360 efficacitatenr
417 3313 512 3357 suem
526 3289 638 3378 palam
658 3311 817 3359 exserere
838 3293 999 3382 eoeperit.
1036 3294 1147 3371 Quum
1190 3313 1195 3323 ¹

77 3389 182 3458 Galba
203 3396 285 3484 (quo
306 3400 441 3460 mortuo
464 3393 596 3459 demum
619 3394 794 3482 imperium
816 3396 1003 3464 Romanum
1030 3396 1146 3465 interi-

76 3501 199 3584 turum,
223 3497 375 3584 posthae
395 3495 677 3563 Anti-Christum
699 3497 931 3585 appariturum
954 3519 1033 3566 esse
1054 3500 1147 3588 Apo·

77 3597 192 3685 dolus,
215 3621 235 3665 e
258 3598 432 3666 sententia
458 3597 682 3685 Koohleri,
712 3601 937 3687 exspectavit)
959 3621 1047 3667 anno
1068 3608 1149 3688 post

81 3697 165 3768 GN.
179 3699 247 3769 68.
291 3700 421 3768 Neroni
449 3699 674 3787 srrccerserit,
702 3723 790 3767 anno
817 3711 979 3792 sequente
1005 3703 1146 3770 interfe-

80 3809 149 3868 ctus
176 3803 302 3891 fuerit,
342 3801 514 3887 colligitur
545 3800 646 3888 inde,
669 3801 845 3889 epistolam
872 3803 917 3872 ll.
945 3807 989 3872 ad
1017 3803 1146 3872 Thess.

78 3905 235 3974 moos.
255 3913 434 3974 exaratam
455 3925 543 3972 esse·
586 3901 652 3969 llis
674 3903 848 3990 ingeniose
870 3906 1052 3995 disputatis
1073 3906 1146 3972 uni·

78 4029 167 4074 serae
189 4007 410 4097 opponimus,
440 4005 531 4072 illius
552 4006 618 4072 loei
640 4006 793 4094 Paulini,
823 4007 879 4074 ubi
903 4011 945 4076 de
974 4009 1148 4096 κατέχοντι

78 4105 129 4174 τὸν
149 4113 379 4200 Απίχριστον
400 4129 512 4175 sermo
540 4114 611 4195 est,
638 4115 707 4174 tarn
731 4108 921 4195 ambiguam
944 4131 1022 4178 esse
1043 4111 1146 4184 inter.

3 4203 4 4262 l
82 4215 297 4294 pretationem
319 4211 397 4297 (cfr.
418 4233 451 4277 v.
475 4232 505 4276 e.
529 4213 571 4276 de
593 4211 770 4276 sententiis
792 4192 1145 4283 diversissimisPel-

79 4314 126 4380 tii
148 4321 371 4384 commentar.
394 4313 429 4380 in
451 4335 525 4404 opp·
548 4314 593 4386 od
614 4309 740 4386 Thess.
763 4313 955 4410 nuperrime
977 4315 1088 4386 editus
1110 4315 1145 4386 in
