2802 4956
272 427 332 500 *so
654 433 969 522 Prolegom‘cua.

277 609 402 690 tamen,
424 610 599 693 postquam
621 603 858 693 discessisset,
878 607 1041 695 exemplis
1062 606 1282 674 Ethuicororn
1306 609 1351 671 ad
1389 617 1390 630 ¹

276 711 380 779 vitam
404 705 602 774 dissolutam
625 707 752 792 seduci,
775 709 940 778 iterumve
962 710 1005 774 od
1027 708 1111 776 vitia
1131 707 1267 776 vixdum
1292 709 1353 774 de·

277 799 390 888 posito
419 808 532 874 redire
559 808 745 894 potuerint3
773 831 872 898 quam
905 829 1025 898 parum
1053 807 1263 896 exploratum
1294 810 1354 896 sit,

278 907 366 991 quod
398 908 549 996 ponitur,
575 909 775 997 Apostolum
808 911 940 979 nonnisi
969 913 1055 979 dnos
1082 918 1198 978 tresve
1225 909 1356 978 hebdo-
1389 915 1390 1010 1

276 1008 394 1076 modes
428 1009 536 1079 fuisso
563 1009 834 1081 Thessalonicae
868 1013 945 1110 (vd.
968 1013 1004 1101 §.
1030 1013 1064 1079 1.
1076 1015 1102 1099 ).
1151 1011 1277 1080 lisdem
1309 1011 1390 1076 de

279 1110 393 1176 causis
413 1110 515 1177 nolim
537 1117 760 1192 contendere,
787 1134 855 1180 non
882 1113 1034 1201 potuisse
1062 1113 1262 1200 Apostolum
1292 1091 1390 1208 illo}

277 1221 429 1299 tempore
450 1215 494 1281 ad
516 1238 611 1282 suum
635 1216 741 1302 ipsius
761 1235 949 1335 prosocero
971 1215 1158 1302 exemplum
1173 1217 1223 1300 (I.
1243 1211 1390 1283 Ther·
1389 1195 1390 1340 1

277 1313 405 1400 aaut,
421 1311 458 1381 9.
481 1320 582 1405 sqq..)
625 1316 744 1385 Nouus
769 1317 857 1385 enirn
878 1317 935 1385 vel
956 1316 1085 1405 aliquot
1106 1316 1390 1386 hebdomadum

279 1415 388 1504 spatio
416 1417 502 1484 satis
524 1425 642 1506 aperto
670 1425 878 1504 'cognoscere
905 1417 1050 1505 licebat,
1077 1441 1176 1506 qnam
1205 1395 1390 1514 sollicite}

277 1518 425 1606 Paulus,
455 1520 532 1586 dum
561 1518 806 1606 praedicationi
835 1521 1010 1588 doctrinae
1042 1520 1175 1589 divinae
1204 1515 1390 1588 indefes

257 1643 352 1722 'sum
373 1643 531 1689 mannum
558 1619 708 1688 laborem
731 1621 967 1709 coniungeret,
995 1621 1061 1688 hoo
1090 1623 1215 1708 egerit,
1244 1627 1282 1688 ut
1309 1605 1390 1688 ue

278 1724 433 1813 cuiqnam
455 1721 815 1793 Thessalonicensinm
843 1727 938 1792 oneri
968 1728 1081 1792 essett
1129 1723 1228 1799 Quod
1256 1713 1390 1788 dubi-l

145 1889 148 1896 .
277 1828 424 1893 tationes
447 1825 570 1894 attinet
597 1827 640 1893 de
671 1828 841 1917 παρουσίᾳ
862 1825 988 1893 Christi
1017 1834 1053 1892 et
1081 1824 1271 1891 conditione
1299 1823 1357 1890 fu·
1389 1799 1390 1864 1

277 1937 357 1997 tura
378 1951 492 1996 eornm
516 1926 642 1993 Christi
664 1927 846 2012 cultorum,
875 1926 931 2014 qui
954 1931 1033 1991 anto
1054 1921 1142 1990 hanc
1163 1929 1359 2012 παρουσίαν
1389 1925 1390 1968 1

279 2031 367 2096 diem
389 2026 445 2096 rol
467 2025 645 2110 obiissent,
672 2026 727 2094 vel
749 2025 871 2094 obituri
893 2031 1025 2111 essent,
1053 2025 1089 2090 iu
1116 2025 1238 2092 animis
1264 2029 1359 2093 rani·
1389 2029 1390 2070 1

278 2140 389 2198 torum
409 2127 501 2194 illins
529 2126 697 2194 ecclesiae
718 2127 983 2194 Christianorum
1006 2126 1194 2212 excitatas,
1224 2126 1257 2190 in
1280 2129 1358 2214 epi·
1389 2131 1390 2174 1

279 2231 369 2302 stola
390 2232 513 2321 prom
537 2251 568 2294 c.
590 2227 672 2296 4.
651 2249 688 2294 o.
715 2227 901 2315 refutatas,
930 2249 1028 2294 nemo
1051 2229 1153 2296 facile
1182 2229 1390 2314 improba-l

278 2336 346 2404 bile
368 2332 508 2418 dixerit,
532 2329 575 2398 ab
597 2350 637 2398 eo
659 2329 737 2397 iude
757 2339 927 2418 tempore,
955 2353 1019 2420 qno
1041 2328 1171 2398 Paulus
1192 2329 1352 2397 Thessa·
1389 2337 1390 2384 1

277 2439 390 2507 lonice
419 2433 652 2509 discessisset,
679 2433 886 2521 usquedum
914 2432 1090 2520 epistolum
1111 2440 1272 2500 exararet
1288 2456 1351 2524 po·
1389 2419 1390 2486 1

277 2545 459 2610 umorem
479 2540 560 2621 (non
582 2533 697 2602 statim
718 2541 795 2622 post
814 2535 961 2621 priorem
983 2535 1144 2621 scriptam
1168 2523 1349 2622 cfr.§.4.
1389 2539 1390 2590 1

279 2647 368 2728 cx.,)
396 2639 606 2708 Christianos
633 2659 741 2755 nuper
761 2655 964 2721 couversos,
992 2637 1048 2724 qui
1074 2639 1205 2702 tirones
1234 2645 1352 2704 essent
1389 2625 1390 2692 l

278 2744 313 2812 in
336 2742 490 2811 doctrina
519 2739 688 2825 divina,
679 2760 713 2804 ιιι
735 2736 897 2806 eiusmodi
921 2735 1161 2803 dubitationem
1188 2757 1230 2803 ac
1257 2735 1390 2801 solli-l

281 2845 461 2914 citudinem
484 2840 604 2910 coniici
627 2839 728 2908 laeile
748 2837 910 2926 potuisse.
947 2838 1026 2905 Nec
1050 2837 1158 2906 verba
1178 2839 1213 2905 I.
1241 2837 1349 2904 Ther·
1389 2853 1390 2896 1

278 2949 343 3016 ool.
362 2945 401 3033 4,
427 2943 489 3013 13.
521 2939 561 3012 ori
588 2945 679 3010 θέλω
708 2944 744 3009 δὲ
776 2935 863 3028 ὑμᾶς
890 2935 1041 3023 ἀγνοεῖν,
1079 2935 1241 3030 ἀδελφοὶ,
1276 2945 1350 3028 περὶ
1389 2939 1390 3008 1

279 3053 362 3122 τῶν
390 3047 706 3136 κεκοιμημένων
733 3049 798 3112 eto.
826 3042 1115 3129 consignationem
1137 3041 1256 3108 harum
1280 3042 1350 3129 epi·
1389 3041 1390 3108 l

280 3153 441 3222 stolarum
470 3148 613 3238 tempori
640 3145 761 3216 seriori
786 3144 950 3214 vindicari
976 3143 1111 3231 iubent,
1138 3165 1203 3232 qno
1232 3141 1349 3230 plures
1389 3167 1390 3214 1

278 3257 382 3324 holos
409 3251 577 3318 ecclesiae
612 3249 796 3317 Christiani
823 3249 911 3316 diem
943 3267 1134 3333 supremum
1162 3246 1229 3311 iarn
1258 3246 1351 3313 obie-
1389 3245 1390 3316 l

279 3356 358 3421 rint.
401 3351 493 3418 Nihil
513 3352 634 3438 quippe
656 3349 809 3434 impedit,
831 3368 896 3435 quo
918 3349 1028 3411 miuus
1045 3347 1245 3431 Apostolum
1266 3347 1352 3414 illud
1387 3375 1390 3422 1

280 3455 523 3542 κικοιμημὲνων
550 3453 593 3517 de
619 3447 821 3515 Christianis
848 3446 988 3512 aliorum
1017 3467 1150 3536 qnoque
1181 3456 1390 3535 coetuum,

281 3558 338 3648 qui
371 3549 736 3622 Thessalonicensibus
769 3545 827 3615 rel
865 3545 1065 3632 cognatione
1104 3549 1160 3617 vel
1199 3551 1355 3618 amicitia
1389 3580 1390 3627 1

217 3729 223 3736 ,
280 3658 385 3727 iuncti
414 3661 547 3740 essent,
581 3649 726 3736 intelligi
753 3645 901 3716 voluisse
934 3648 1098 3717 dicamus.
1145 3649 1278 3717 Forsan
1307 3656 1354 3722 de
1389 3661 1390 3732 1

280 3763 324 3830 iis
353 3759 454 3827 etiam
477 3755 658 3841 cogitarit,
686 3750 741 3841 qui
769 3748 911 3837 posthac
932 3751 1083 3818 morituri
1106 3760 1221 3819 esseut
1248 3751 1296 3839 (h.
1322 3777 1354 3821 s.
1389 3779 1390 3848 1

282 3863 360 3932 nolo
377 3881 459 3935 uos,
487 3857 543 3924 vel
564 3857 628 3922 hoc
648 3861 817 3939 ternpore,
846 3850 902 3919 rel
923 3853 1082 3939 posthac,
1110 3844 1248 3941 propter
1269 3877 1356 3921 con·
1389 3853 1390 3928 1

283 3967 442 4033 ditionem
465 3981 591 4042 eorum,
613 3955 668 4045 qui
691 3963 769 4020 auto
796 3954 982 4043 παρουσίαν
999 3955 1125 4021 Christi
1146 3957 1234 4023 diem
1256 3956 1355 4024 obic—
1389 3979 1390 4050 1

201 4111 210 4135 .
282 4067 366 4151 rint,
386 4065 420 4130 iu
443 4057 700 4128 sollicitudinem
722 4056 869 4141 nimiam,
892 4079 952 4144 spc
973 4055 1177 4143 destitutam,
1200 4057 1353 4146 coniiei).
1389 4075 1390 4130 1

282 4167 336 4236 Ex
363 4164 474 4232 effatis
501 4162 559 4230 ΙΙ.
587 4157 753 4228 Theseae.
782 4157 818 4244 2,
847 4157 884 4224 2.
908 4157 951 4244 3,
977 4157 1038 4224 17.
1067 4159 1195 4246 colligit
1222 4157 1390 4224 flchra

284 4271 403 4344 dorus,
436 4261 655 4352 Apostolum,
687 4261 881 4350 priusquam
914 4259 1136 4347 posteriorem
1172 4261 1272 4326 daret
1304 4263 1354 4327 ad
1389 4223 1390 4348 1
