2772 4962
248 418 332 492 eoo
412 416 525 508 spur.
543 415 589 488 11.
612 420 655 486 sn
677 387 850 486 nneusn.
873 415 913 486 o.
934 413 980 486 11.
1010 415 1053 488 v.
1071 417 1105 486 a.
1128 415 1165 488 u.

243 615 279 660 se
304 595 447 674 patiantur
473 595 659 670 persuasione
686 599 781 669 reeta,
813 609 898 669 quam
923 609 1021 668 suuper
1048 593 1172 668 amplexi
1197 591 1316 670 inerint,

243 703 281 760 ab
301 699 366 776 ipso
386 699 476 760 Paulo
495 695 624 756 instituti
666 697 842 756 Sententiam
861 709 938 754 vero
953 694 1104 771 Koppii,
1123 695 1171 754 cul
1192 693 1315 771 ταχέως

243 801 447 876 impatientiam
468 799 629 872 exprimere
655 798 786 874 videtur,
810 813 868 872 qua
893 797 991 870 plures
1011 797 1236 856 Thessalonicae
1261 815 1318 857 re-

245 901 335 962 ditum
352 902 460 962 christi
480 899 719 976 exspectaverint,
740 901 819 958 recte
839 897 1010 971 improbavit
1029 899 1238 978 Heydeurer'eb
1256 897 1276 955 l.
1294 899 1317 957 i.

243 1017 273 1078 p.
295 1001 346 1063 id.
373 1018 461 1080 quum
480 1004 586 1078 verbe,
606 1003 774 1077 quibuscum
801 995 920 1076 ταχέως
938 997 1056 1075 propius
1077 999 1229 1076 cohaeret,
1249 1019 1316 1059 ou·
1363 1003 1364 1034 i

245 1105 402 1183 ὶιυθῆναι
431 1095 500 1164 dud
524 1107 580 1162 etc.
606 1101 853 1162 labefactationem
880 1099 976 1176 potins
1009 1102 1205 1175 persuasionis
1236 1103 1321 1174 prius

243 1211 381 1286 probatae
402 1221 468 1264 cum
487 1205 700 1279 perturbatione
720 1202 900 1263 coniunctam
928 1201 1101 1280 signltleent.
1148 1203 1206 1263 Pro
1233 1204 1319 1280 rnig.

243 1303 343 1390 μήτε
371 1307 546 1386 θροεῖσθαι
573 1321 630 1366 non
657 1305 847 1366 dubitavimus
874 1319 941 1364 oum
969 1304 1204 1365 Lachmanno
1228 1305 1320 1364 edere

244 1404 344 1490 μηδὲ
372 1409 426 1487 dp.
476 1409 537 1468 cir.
562 1407 692 1466 Wiuer
719 1407 908 1468 &monum
939 1411 995 1467 ete.
1023 1408 1070 1466 ed
1091 1407 1159 1467 111.
1183 1423 1217 1480 p.
1235 1407 1320 1466 412.

243 1509 375 1586 illenim,
400 1510 477 1584 quod
502 1509 534 1567 in
561 1509 688 1568 membro
715 1523 778 1583 aeq.
805 1501 887 1588 μήτε
917 1537 952 1552 -·
980 1503 1150 1587 διαστολῆς
1175 1509 1256 1566 recte
1283 1527 1319 1567 se
1364 1492 1365 1584 i

244 1611 333 1671 habet
351 1615 396 1669 tar
409 1611 540 1685 'positum
560 1605 652 1691 μήτε,
678 1609 728 1668 ubi
755 1609 884 1668 eiusdem
905 1607 1066 1686 nomenis
1092 1614 1153 1668 tres
1172 1613 1270 1682 partes
1292 1627 1319 1669 s.

244 1711 325 1772 modi
351 1711 462 1772 diverat
489 1713 690 1788 proteruntur,
716 1710 788 1770 terri
815 1727 872 1770 nou
899 1713 993 1785 potest
1032 1711 1063 1770 in
1088 1711 1239 1770 antecedi.
1265 1707 1316 1792 μὴ

243 1807 427 1889 ταχέας-
447 1813 639 1890 θροεῖσθαι,
666 1827 741 1887 quae
760 1814 833 1872 duas
852 1811 1022 1889 negationes
1042 1813 1187 1872 continent
1212 1811 1320 1872 diver-

243 1933 311 1991 sas,
332 1930 369 1974 ex
389 1929 445 1974 usu
464 1912 607 1972 sermonis
627 1915 729 1990 greum
747 1913 869 1972 renibus
888 1907 955 1994 μὴ,
975 1909 1074 1995 μηδὲ
1095 1913 1169 1992 ¹(vd.
1189 1913 1319 1974 Winer
1365 1980 1366 2025 1

243 2015 264 2074 l.
285 2013 305 2073 l.
331 2029 360 2088 p.
380 2013 471 2092 408.)
500 2015 717 2090 ffisiuugendas.
764 2013 848 2082 Quod
867 2013 933 2074 iibri
953 2029 1052 2074 omnes
1072 2014 1208 2074 exhibent
1229 2011 1319 2094 μήτε,
1365 2033 1366 2042 ’

243 2118 339 2193 petet,
360 2131 445 2188 quarn
465 2116 553 2175 tache
571 2115 621 2174 vei
641 2116 787 2176 scribendi
807 2129 922 2193 errore,
947 2117 997 2176 vei
1017 2131 1056 2176 ex
1080 2118 1148 2176 vbb.
1168 2129 1249 2192 seqrp
1268 2118 1318 2176 ir-

242 2231 348 2290 repere
367 2215 491 2289 pntnerlt
515 2215 546 2274 iu
566 2215 684 2278 codices
708 2217 928 2292 antiquissimos.
975 2217 1039 2286 ileo
1066 2217 1183 2278 techina
1209 2233 1320 2278 cavere

242 2318 300 2378 eibi
327 2318 472 2377 discerem
497 2315 786 2396 Thessalonicenses,
811 2334 849 2378 ne
874 2321 1060 2379 deflecterent
1084 2336 1104 2377 a
1129 2320 1318 2392 persuasione

242 2423 324 2481 recta
346 2420 402 2498 (de
422 2419 711 2500 circumdamini),
731 2434 786 2480 uec
806 2422 947 2484 mentibus
971 2421 1220 2496 perturbarentur,
1239 2419 1316 2479 haee
1366 2470 1367 2548 ,

243 2521 370 2581 addidit:
391 2515 584 2604 prindrai
607 2517 911 2602 ssedpuroeeto.
951 2523 1013 2582 iles
1033 2522 1204 2596 ipsadocet,
1222 2523 1317 2595 Apo·
1366 2551 1367 2568 ι

242 2624 348 2682 molum
368 2621 397 2680 h.
416 2622 437 2679 1.
463 2621 610 2695 opiniones
629 2627 659 2682 et
683 2623 895 2696 praedictiones
914 2639 1005 2682 vanas
1025 2621 1240 2700 impugnantem
1260 2627 1318 2684 snb

244 2715 450 2804 πνεύματι
471 2739 528 2782 non
547 2724 676 2796 potuisse
695 2723 752 2783 nisi
771 2728 916 2785 uuamom
936 2727 1151 2784 tmutotwnem
1169 2743 1195 2784 a.
1214 2743 1316 2804 prue-

144 2835 147 2844 '
240 2827 405 2892 credonem
429 2825 608 2904 tuteilr'qere,
637 2841 715 2902 quoe
739 2841 900 2902 perperene
931 2829 1113 2886 tribueretur
1138 2831 1234 2887 enotare·
1261 2834 1317 2888 iu-

242 2935 332 2989 temo
352 2928 478 3002 matus
498 2929 592 2986 ὤαίιιι·
613 2926 688 3004 (nn.
710 2925 908 3002 'l'heophyi
929 2927 1045 3006 Flatt,
1065 2927 1144 2987 Pelt
1161 2929 1202 2986 ad
1222 2927 1252 2987 h.
1265 2929 1317 3007 1.),

241 3029 360 3089 oracrda
379 3027 706 3104 pseudoprophetarum,
731 3031 862 3089 oriundo
881 3031 982 3105 potios
1002 3045 1045 3088 ec
1065 3031 1174 3105 spiritu
1202 3036 1317 3090 erroris

240 3137 273 3189 et
297 3131 464 3209 nemeti,
490 3143 528 3187 ex
553 3123 709 3208 πνεύματι
735 3130 793 3201 τῆς
823 3125 966 3210 πλάνης,
997 3131 1128 3204 opposito
1154 3123 1317 3212 surripere

241 3230 298 3316 τῆς
312 3224 484 3310 ἀληθείας,
504 3231 533 3290 1.
546 3231 596 3289 do.
608 3231 648 3310 4,
661 3234 693 3292 d.
716 3229 811 3306 (unde
832 3229 1077 3291 oecumenius
1098 3249 1152 3296 αν.
1168 3232 1318 3306 interpret.

243 3331 374 3412 πνεῦμα
408 3322 636 3410 ἀκάθαρτον).
688 3332 801 3391 Eodem
831 3347 919 3390 sensu
953 3327 1165 3412 πνεύματα
1199 3331 1316 3392 πλάνα

241 3447 301 3491 una
322 3445 388 3490 cum
409 3426 630 3497 διδασκαλίαις
654 3427 838 3511 δαιμωνίων
865 3431 1120 3493 commemorantur
1139 3435 1167 3494 1.
1183 3435 1317 3494 timoth

242 3532 325 3613 4,1.
376 3531 525 3591 smtenua
535 3529 614 3590 haud
625 3535 948 3611 mutatur,simalneris
960 3551 1026 3594 cum
1039 3535 1320 3612 chrysostomo,

243 3633 429 3708 Boitenio,
460 3631 623 3708 Koppio,
654 3635 815 3712 stornio,
847 3617 1148 3708 ileydenreiohto
1183 3639 1317 3719 πνεῦμα

241 3755 300 3816 pro
321 3739 459 3798 emerere
480 3729 760 3814 πνευματικὰς
780 3735 833 3814 (Ἰ.
848 3739 935 3798 Gerr.
947 3740 999 3815 18,
1012 3735 1087 3816 10.)
1113 3736 1265 3813 accipere,
1287 3743 1321 3796 ut

242 3839 374 3899 homines
393 3835 454 3911 ipsi
469 3833 676 3912 intedigantur,
695 3835 744 3909 qni
762 3837 898 3897 addeum
919 3839 1048 3898 divinum
1070 3837 1321 3914 mentiti-inerint,

244 3943 273 4001 1.
288 3943 338 4001 do.
356 3941 394 4019 4,
416 3938 447 4000 1.
462 3951 525 4015 sqq.
573 3937 635 3996 Sed
661 3937 741 4011 prior
765 3939 902 4001 vocabuli
927 3940 1124 4015 interpretatio
1149 3941 1322 3998 acamradus

242 4043 398 4113 respondet
423 4037 608 4114 smnendbns
634 4035 746 4118 λόγου,
773 4045 804 4100 ot
827 4037 1009 4116 ἐπιστολῆς.
1053 4041 1154 4101 minus
1180 4043 1323 4112 expedita

244 4147 363 4213 apparet
383 4140 536 4216 explicatio
556 4139 594 4200 lla
613 4143 747 4216 probata,
771 4143 821 4215 uui
839 4143 967 4224 πνεῦμα
986 4142 1016 4201 h.
1035 4142 1057 4201 l.
1077 4143 1124 4200 vel
1144 4141 1182 4196 ad
1203 4143 1322 4199 vadol-

216 4222 221 4232 ’
245 4243 294 4304 nia
320 4242 360 4299 v.
380 4243 415 4300 'li
443 4245 517 4305 male
543 4241 688 4302 intellecta
705 4243 810 4304 reterri
830 4245 983 4306 uoluerunt
1009 4243 1076 4322 (vd.
1100 4242 1251 4302 Kranae
1279 4246 1323 4302 ad
