2772 4962
270 459 345 526 rao
406 455 516 548 aps.
539 455 567 528 1.
590 459 635 526 su
655 455 831 564 suessan.
847 456 892 530 o.
912 455 956 528 v.
986 455 1028 528 v.
1050 453 1115 526 aa.
1138 455 1203 528 aa

259 633 475 712 praestantiori,
499 636 576 710 quoti
596 634 663 694 olim
684 633 859 706 accipiemus
879 648 998 708 prorsus
1018 635 1257 694 accommodatum
1277 635 1322 693 vl·

260 741 305 796 tae
325 738 493 811 perfectiori
519 734 553 798 ἐν
580 732 737 816 πνεύματι
763 735 902 812 agendae.
949 735 1046 795 Nolim
1072 735 1161 811 igitur
1185 735 1257 794 haeo
1282 732 1320 796 τὰ

260 857 322 896 aar.
344 833 410 897 καὶ
432 827 453 912 ἡ
476 830 583 917 ψυχὴ
606 837 653 897 vel
674 842 772 896 nostro
792 837 812 898 l.
832 839 881 897 vel
906 839 1136 914 Hebrr.4,12.
1157 853 1251 895 merae
1270 839 1324 896 trl-

259 942 349 999 buere
369 941 521 998 verborum
543 940 653 1012 copiae.
697 939 759 998 Ctr.
780 939 817 997 rle
837 953 893 997 usu
913 937 1027 998 dicendi
1046 939 1151 998 biblico
1175 939 1324 997 Olshau-

257 1059 319 1100 sen
347 1043 385 1099 rte
406 1047 537 1100 naturae
557 1041 708 1099 hantonae
729 1037 916 1101 tricbotontto
937 1043 975 1101 N.
999 1043 1034 1101 Τ.
1056 1043 1167 1114 scripto
1214 1057 1248 1098 aa
1272 1057 1324 1098 re-

155 1127 158 1140 ¹
258 1149 363 1223 cepta,
384 1143 518 1218 Regiam.
540 1139 633 1200 teau.
674 1141 741 1202 Non
763 1143 861 1200 docuit
881 1142 1010 1220 quidem,
1032 1143 1148 1216 opinor,
1168 1043 1326 1214 Rostolus
1375 1129 1376 1200 r

252 1245 426 1320 tripartitam
447 1247 567 1301 naturae
591 1244 733 1302 humanae
758 1244 951 1302 substantiam.
999 1243 1149 1318 Attamen,
1175 1257 1229 1315 quo
1254 1258 1326 1319 gra·
1375 1267 1376 1272 ¹

258 1345 324 1402 vius
352 1346 553 1422 cogitationem
582 1347 673 1403 totius
698 1345 826 1404 hominiis
853 1345 1038 1424 opprimeret,
1068 1343 1211 1402 notionem
1235 1349 1326 1404 onies
1375 1351 1376 1390 l

258 1433 376 1523 (oppos.
397 1440 542 1524 σώματι)
564 1445 740 1519 amplificare
760 1447 865 1523 voluit,
884 1451 1027 1519 totamque
1047 1444 1219 1520 exhaurire,
1244 1461 1325 1503 eom·

258 1543 443 1605 memoranda
470 1551 591 1620 utroquo
617 1548 703 1607 animi
734 1549 885 1626 tacuhato,
910 1553 940 1608 ct
972 1545 1103 1605 interiori
1127 1550 1156 1605 et
1181 1548 1326 1619 superiori.

256 1649 463 1709 Adsentientes
488 1647 580 1707 habeo
606 1649 792 1724 Flattium,
818 1652 847 1708 et
870 1649 1023 1708 Peltlum
1048 1647 1086 1705 ati
1110 1644 1140 1705 h.
1160 1647 1181 1705 l.
1207 1647 1326 1722 itemque

256 1751 484 1812 Kuinoelium
504 1751 535 1810 iu
556 1757 709 1810 comment.
731 1740 1011 1829 adHebrr.4,12.
1054 1749 1221 1808 Intervett.
1241 1751 1325 1810 tire·
1375 1774 1376 1826 ῃ

257 1848 388 1930 goribs
415 1851 604 1926 Nyssenus
631 1849 734 1928 [euius
764 1853 930 1910 senteutiam
959 1849 1158 1923 Theophyl.
1188 1851 1219 1909 in
1245 1865 1325 1912 com·

256 1958 342 2013 ment.
363 1953 402 2012 arl
421 1952 450 2012 h.
471 1952 490 2010 l.
511 1953 621 2030 attulit)
644 1946 679 2012 ro*
710 1951 862 2032 nosipsos
890 1957 970 2010 reete
997 1953 1145 2025 interpret.
1172 1953 1209 2010 tle
1235 1955 1326 2010 anima
1375 1937 1376 2004 l

255 2055 402 2131 rationali,
423 2045 458 2114 ni
484 2049 595 2131 νοερὸν
616 2049 722 2132 μέρος,
742 2043 850 2133 ψυχὴ
873 2053 910 2112 tle
931 2054 1026 2112 anima
1046 2055 1194 2129 sentiente,
1214 2047 1249 2112 ui
1271 2053 1326 2114 at·

257 2148 427 2228 σθητικόν.
481 2154 550 2226 lpse
582 2170 654 2215 vero
693 2153 887 2228 'Pheophyl
929 2155 1116 2215 Oecumen.
1153 2155 1325 2214 Theonoe.

255 2259 412 2330 praeeunte
431 2255 701 2341 chrysostomo,
721 2257 946 2316 adsentientibus
968 2257 1110 2316 nonnullis
1130 2257 1327 2332 recentiorum,
1375 2251 1376 2344 l

135 2345 140 2352 ’
253 2361 307 2417 sub
330 2351 488 2437 arripare
512 2355 637 2434 intelligi
656 2358 817 2418 maluerunt
837 2351 872 2417 eci
893 2353 1048 2439 χάρισμα
1070 2358 1128 2416 τοῦ
1152 2353 1327 2438 πνεύματος
1375 2349 1376 2418 l

255 2450 362 2540 ἁγίου,
387 2461 635 2520 illuminationem
655 2461 750 2520 cabaa·
775 2475 818 2518 ee·
843 2461 925 2535 spir.
953 2463 1011 2518 dic.
1036 2457 1206 2534 profectam
1234 2461 1327 2538 (Mi-

257 2561 396 2622 chaelis
420 2560 459 2619 erl
478 2558 508 2618 h.
527 2560 548 2619 l.
576 2563 688 2622 tionum
708 2563 931 2621 natisnatiomb
952 2566 981 2620 et
1000 2561 1057 2620 alia
1077 2560 1241 2621 hrriusmorli
1257 2584 1327 2640 χα-
1375 2551 1376 2613 l

256 2661 434 2744 ρίσματα),
461 2678 562 2736 parum
588 2664 804 2722 accommodate
829 2663 1015 2723 substantivis
1041 2657 1132 2743 ψυχὴ
1162 2665 1191 2720 et
1219 2665 1330 2745 σῶμα,

255 2767 360 2839 quippe
380 2779 454 2838 quae
474 2763 594 2840 uocant,
613 2767 711 2840 ipsias
728 2767 831 2840 potina
851 2765 979 2825 aonam
999 2771 1144 2824 naturam
1163 2769 1258 2825 totoea
1283 2765 1331 2823 his
1375 2777 1376 2814 l

255 2869 322 2928 vbb.
354 2864 493 2941 desembi,
519 2865 575 2923 etsi
601 2865 713 2924 omnino
741 2865 970 2942 adfirmaverim,
1000 2880 1103 2925 vocem
1130 2865 1257 2947 πνεῦμα
1286 2883 1334 2936 eo,

255 2985 339 3044 quem
365 2983 454 3042 supra
479 2967 679 3049 probavimus,
706 2983 794 3028 sensu
821 2969 858 3056 τῇ
884 2967 975 3059 ψυχῇ
1003 2968 1176 3044 oppositam,
1203 2969 1241 3026 ad
1267 2971 1331 3026 ali-
1375 2968 1376 3048 l

256 3087 342 3144 quom
362 3069 510 3144 respicere
532 3065 716 3150 πνεύματος
736 3069 827 3148 nostri
847 3073 876 3128 et
897 3063 1083 3149 sosipater
1103 3069 1192 3127 divini
1213 3083 1333 3146 cogna-
1375 3059 1376 3124 ᾗ

257 3175 372 3231 tionem.
413 3171 516 3245 Neque
537 3171 763 3232 eumllolteno
782 3175 882 3232 tacere
901 3187 1063 3246 possumus,
1083 3169 1235 3250 πνεῦμα
1257 3189 1336 3230 ver·
1375 3159 1376 3240 f

152 3259 155 3268 Α
256 3277 348 3331 teate:
367 3289 499 3348 persona
520 3289 544 3330 a.
565 3279 680 3332 actara
699 3281 799 3332 cestra
819 3277 1116 3350 ameaseapeetato,
1137 3285 1211 3344 quae
1226 3273 1337 3332 deinde
1375 3269 1376 3332 l

255 3389 308 3448 per
328 3366 487 3455 μερισμὸν
508 3373 688 3432 describatur
714 3367 804 3454 ψυχῆ
834 3379 862 3432 et
890 3375 994 3452 σῶμα.
1042 3372 1200 3432 Transtulit
1225 3377 1338 3448 quippe

255 3473 294 3532 ati
322 3473 449 3554 πνεῦμα
475 3473 614 3533 eiusmodi
640 3473 877 3550 significationem
903 3489 940 3530 ex
965 3473 1046 3534 hebr.
1073 3473 1139 3562 cipp
1161 3475 1340 3553 derivatam,
1375 3465 1376 3550 i

255 3591 329 3650 quae
348 3573 431 3632 alteri
456 3576 551 3648 potius
576 3577 714 3633 substant.
740 3568 852 3656 ψυχῆ
877 3575 1019 3635 interdum
1047 3581 1128 3635 reete
1149 3577 1336 3637 'vindimius
1375 3551 1376 3567 ἵ

254 3679 365 3737 Fausta
384 3681 518 3750 precatur
537 3677 641 3750 Apost
664 3675 983 3753 Thessalonicensibus,
1002 3680 1044 3753 ut,
1064 3679 1140 3752 quod
1160 3682 1251 3738 totam
1277 3697 1340 3738 cu-

254 3781 357 3856 iusque
377 3785 507 3840 mauram
528 3783 557 3836 et
577 3779 664 3836 vitam
686 3781 799 3855 attinet,
826 3779 1000 3856 cogitantes,
1024 3780 1168 3856 volentes,
1195 3783 1340 3840 sentien-

255 3890 314 3960 tes,
340 3880 564 3940 conaerentes
591 3874 787 3960 (σώματι),
814 3879 1008 3954 irreprehensi
1034 3886 1166 3939 maneant
1186 3885 1253 3941 Deo
1285 3886 1341 3943 iu-

257 3989 351 4042 vante
395 3977 536 4042 conterre
555 3983 624 4041 licet
643 3981 737 4042 locum
758 3981 879 4040 similem
900 3982 965 4040 libri
982 3983 1100 4042 Judaiei
1110 3982 1224 4064 Sohar,
1248 4003 1345 4060 quem
1375 4055 1376 4071 χ

259 4083 360 4140 Wolf
377 4085 407 4144 iu
429 4085 508 4144 curis
529 4085 563 4143 ll.
585 4085 639 4143 lv.
660 4099 689 4156 p.
703 4081 775 4140 382.
796 4083 931 4159 laudavit,
951 4085 999 4143 ubi
1020 4085 1058 4143 de
1078 4087 1187 4143 saumla
1207 4085 1345 4145 dicitur:

257 4183 300 4240 illl
319 4187 370 4241 toti
393 4185 486 4243 saneti
505 4190 587 4261 sunt,
604 4201 710 4257 eorpus
729 4185 839 4262 (nort)
860 4186 972 4244 illorum
993 4193 1123 4246 sanctum
1144 4190 1197 4260 est,
1218 4189 1348 4246 animus
1375 4237 1376 4285 ,

260 4283 383 4362 (amer)
407 4285 522 4346 illorum
547 4289 664 4345 moetus
692 4291 753 4367 est,
780 4287 896 4361 spiritus
924 4287 1046 4367 (unos)
1074 4289 1186 4348 illorum
1211 4297 1376 4366 metum}
