2710 4954
434 367 750 457 Prolcgomcna.
1053 371 1128 442 811

91 537 283 608 consortcudi
318 535 380 604 sibi
407 558 490 626 prae
523 539 648 608 ceteris
678 541 878 608 derunndato
911 543 960 610 ita
988 545 1129 612 edoctus

88 649 146 726 cst,
165 649 198 708 ut
216 639 369 708 fiduciam
382 641 457 708 inde
470 649 608 728 cuperet
619 642 833 730 singularem.
878 641 994 712 Verlra
1007 645 1129 734 quippe

89 744 135 810 II.
150 742 245 811 Corr.
265 739 322 822 12,
336 737 372 807 2.
393 741 444 808 sic
465 741 648 824 intellecto,
669 745 830 832 temporis
851 743 982 812 ratione
1004 745 1130 830 habitu,

87 843 331 910 commodissime
352 842 525 930 excipiunt
552 842 660 912 locum
683 869 712 914 c.
737 845 798 913 11.
820 869 853 915 ι.
873 845 937 914 33.
960 847 1017 916 ubi
1039 849 1130 936 Apo·

87 945 178 1012 stolus
197 944 313 1032 paucis
333 954 550 1032 narraverat,
580 969 644 1034 quo
667 955 766 1036 pecto
789 970 832 1016 ex
853 948 936 1014 urbe
957 949 1128 1020 Damasco

84 1049 148 1136 (qna
167 1047 287 1114 relicta
310 1045 423 1113 statim
453 1045 708 1128 llicrosolymns
738 1050 840 1137 adiit)
866 1049 981 1118 salvus
1003 1052 1129 1120 incolu-

85 1151 193 1238 misque
215 1147 392 1218 euasisset.
436 1145 639 1237 l'oteretqnc
662 1150 794 1218 omnino
812 1151 932 1241 Apost.
953 1153 1129 1220 verissime

82 1251 224 1338 oppeduri
245 1245 428 1340 ἅνθρωπος
449 1251 483 1336 ἐν
502 1253 651 1341 Χριστῷ,
673 1259 849 1342 postquam
871 1253 959 1320 inter
975 1252 1130 1323 dudeco·

83 1350 300 1420 domucenos
317 1350 511 1420 vexationes
533 1353 701 1440 euangelii
724 1378 830 1422 cenae
849 1377 1032 1444 perpessus
1054 1355 1127 1424 fne-

81 1461 133 1519 rnt.
171 1453 390 1522 Dissentinnt
415 1453 492 1522 item
522 1456 564 1522 de
592 1463 763 1543 tempore,
791 1480 855 1546 quc
877 1457 976 1524 Pauli
998 1460 1042 1527 ad
1064 1457 1127 1528 Go-

83 1554 205 1624 rinthios
228 1555 394 1644 epistolae
415 1556 568 1644 (quarum
593 1558 832 1646 posteriorem,
860 1558 978 1646 paucis
1004 1560 1127 1628 mensi-

81 1655 131 1724 bus
149 1657 349 1742 interiectis,
370 1656 513 1751 priorem
537 1659 713 1746 excepisse
734 1659 806 1726 fere
829 1661 1054 1748 consentiunt)
1073 1661 1127 1729 lit-

79 1759 147 1824 teris
166 1761 384 1846 consignatae
414 1755 556 1842 luerint,
580 1760 657 1828 eliis
686 1761 819 1851 quidem
845 1761 890 1828 ad
917 1783 1038 1830 annum
1061 1761 1125 1832 55.

78 1869 124 1926 sut
148 1859 207 1930 56.
233 1869 315 1951 post
343 1859 377 1931 6.
407 1859 449 1926 N.
478 1860 556 1927 eliis
583 1864 627 1929 cd
657 1883 688 1930 a
717 1861 780 1930 57.
803 1861 859 1932 vel
887 1859 951 1930 58.
978 1861 1033 1933 vel
1060 1859 1125 1932 59.

79 1967 233 2052 unamque
254 1961 430 2052 epistolam
452 1961 690 2032 referentibus.
733 1964 826 2034 Ante
847 1985 967 2032 unnum
982 1960 1048 2032 55.
1066 1973 1127 2034 ant

78 2061 119 2128 56
143 2067 289 2152 scriptas
316 2063 438 2146 fuisse,
464 2085 584 2152 nemo,
613 2073 769 2155 qnantum
792 2065 1018 2148 meminimus,
1044 2087 1122 2134 eon·

77 2159 152 2232 iecit.
185 2167 404 2254 ‚Argumenta
424 2167 527 2252 sutis,
554 2167 690 2256 opinor,
718 2167 893 2256 explorata
914 2170 1057 2236 suadent
1087 2177 1125 2236 ut

77 2264 110 2332 de
126 2289 207 2336 anno
237 2265 304 2336 56.
335 2267 529 2353 cogitemus.
583 2268 654 2336 Otr.
676 2269 831 2361 Isugcgo
851 2293 929 2336 meo
948 2267 1123 2340 ds'ston'oe-

76 2367 351 2438 croir'cos'ulr‘bros
371 2369 418 2439 N.
433 2371 475 2438 F.
498 2369 821 2458 carracenses.
842 2394 876 2460 p.
893 2368 1123 2441 234-238.

76 2465 182 2540 truisi
218 2472 450 2552 concedimus,
478 2470 640 2540 visionem
674 2471 765 2538 illam
797 2470 905 2540 Paulo
938 2471 971 2538 in
999 2472 1123 2562 templo

75 2564 365 2658 lliorosolymiteno
387 2571 532 2661 oblatum
561 2573 676 2655 (Acta
690 2571 754 2654 22,
769 2573 830 2639 17.
843 2575 930 2662 sqq.)
957 2574 1124 2646 eccidisse

75 2691 147 2740 nnnc
173 2685 294 2765 quarto
323 2675 450 2745 decimo
479 2687 560 2742 coac
581 2697 613 2755 a,
630 2672 706 2744 56.·
730 2696 794 2762 qno
816 2673 905 2742 hene
931 2697 983 2763 ep.
1006 2675 1123 2744 corin-

75 2771 140 2842 thiis
160 2778 344 2860 scriberet,
371 2779 441 2846 sire
463 2775 519 2844 hic
540 2799 648 2844 annus
671 2771 734 2842 56.
756 2797 893 2844 numero
915 2775 1047 2844 illorum
1073 2775 1124 2846 14

76 2891 216 2946 annorum
235 2879 548 2966 comprehendatur,
569 2878 643 2944 sive
662 2875 712 2943 14
725 2899 830 2942 annos
844 2887 922 2946 unte
937 2875 1000 2944 56.
1017 2900 1122 2968 pror·

75 2997 120 3042 sco
142 2979 278 3068 elupsos
305 2979 495 3064 intelligere
523 2977 701 3058 maluerim
729 2978 895 3066 sequitur,
923 2975 1122 3064 Apostolum

76 3096 149 3144 anuo
174 3081 228 3150 uel
257 3079 323 3148 41.
357 3082 409 3152 vel
436 3079 500 3150 42.
526 3081 700 3162 Damasco
728 3079 944 3160 discessisse,
968 3077 1124 3166 itemque,

76 3199 158 3264 quum
178 3193 256 3272 post
279 3183 528 3252 conversionem
551 3181 624 3249 fere
646 3189 717 3250 tres
739 3203 845 3250 ennos
859 3179 1020 3248 Damasei
1034 3201 1123 3248 com-

75 3293 207 3352 moratus
230 3294 323 3354 esset
344 3285 453 3368 (Gal.
474 3285 507 3366 1,
521 3281 613 3371 te),
633 3281 723 3350 douo
744 3282 860 3351 Pauli
876 3284 1124 3350 emmaum

68 3381 188 3462 sactum
209 3409 284 3453 csse
304 3408 391 3472 aeuo
413 3394 490 3473 post
510 3384 548 3452 6.
571 3387 611 3452 Ν.
635 3381 699 3450 38.
723 3407 749 3448 ι.
775 3379 837 3450 39.
879 3379 964 3463 vel,
990 3380 1021 3448 si
1040 3381 1124 3450 illud

76 3481 127 3572 πρὸ
145 3490 224 3556 ἐτῶν
248 3487 494 3577 δεκατεσσάρων
524 3487 569 3554 11.
584 3487 681 3554 Corr.
701 3483 764 3570 12,
777 3482 814 3553 2.
836 3506 878 3552 ex
899 3503 1053 3551 sermone
1074 3483 1123 3552 vi-

77 3591 121 3652 lle
140 3592 322 3658 eommunis
343 3589 452 3658 minus
474 3595 636 3657 accurate
659 3587 782 3654 dictum
805 3585 1025 3670 existimetur,
1046 3605 1123 3670 pos-

77 3682 226 3760 titatium
249 3693 426 3761 conversio
445 3690 543 3758 Pauli
564 3693 608 3757 ad
630 3711 750 3756 uncum
773 3683 971 3756 referri37.
1006 3684 1124 3750 Poste·

77 3788 144 3874 rius,
162 3797 248 3884 qnod
272 3817 375 3884 snpra
395 3793 623 3881 laudavimus,
646 3793 782 3860 effetum
814 3787 851 3856 2.
874 3783 1047 3857 emant.
1066 3783 1126 3865 11,

79 3887 189 3984 illae.
210 3895 285 3984 (cfr.
308 3897 401 3966 Acte.
417 3893 454 3980 9,
470 3893 618 3984 21η.)
636 3891 831 3958 insidiarum
853 3887 1052 3955 mentionem
1075 3885 1125 3952 in·

78 3986 153 4080 licit,
185 4021 267 4088 ques
293 3995 417 4066 Judaei
446 3991 652 4062 Dmnusceni
684 3993 775 4062 vitoe
802 3985 902 4057 Pauli
935 3986 1126 4075 nuperrime

80 4101 217 4165 conuersi
256 4099 462 4186 struxerint,
495 4098 675 4165 adiuvante
705 4115 764 4159 cos
796 4089 969 4179 praefecto
997 4089 1126 4157 Aretes

81 4185 351 4270 denrasccnormn
379 4199 491 4289 regis,
520 4199 575 4289 qui
609 4197 725 4267 urbem
758 4193 919 4263 militibus
956 4191 1129 4278 cinxisset,
