2802 4956
463 414 776 506 Prolcgomano,
1002 413 1003 416 ’
1123 413 1151 484 o

88 590 287 660 auctoritate
305 587 436 657 Gbristi
458 589 609 676 dederat,
630 596 768 658 strenuo
789 585 976 672 servandis,
996 609 1150 680 pracser-

90 695 146 761 tirn
166 695 208 760 dc
228 691 396 778 fugienda
416 692 640 779 scortatione,
670 695 711 760 de
733 690 939 759 liberalitato
961 712 1044 776 erga
1064 690 1151 756 alios

90 795 294 864 Christianos
323 791 436 878 magis
463 793 638 884 magisque
671 791 893 881 perficienda,
926 793 969 860 de
996 793 1153 878 negotiis,

88 920 168 987 qnae
189 895 315 985 cuique
336 902 549 983 competant,
573 894 753 984 tranquille
781 901 817 963 et
842 893 961 964 sedulo
987 915 1152 982 peragen-

88 1001 144 1066 dis.
185 997 226 1066 (i.
248 995 316 1083 lv,
336 1019 372 1066 v.
398 995 540 1065 1-12.
582 997 765 1066 Refutatur
785 997 906 1072 deindo
926 1019 1017 1066 vana
1038 1017 1153 1063 eorum

90 1100 269 1185 dubitatio,
314 1098 373 1187 qui
410 1106 537 1166 sortem
576 1099 843 1167 Christianorum
886 1105 966 1166 ante
1008 1095 1153 1164 reditum

94 1201 211 1268 Christi
238 1208 451 1268 mortuorum
465 1201 680 1269 'deteriorem
709 1202 784 1268 foro
810 1198 1050 1268 existimabant
1076 1219 1155 1263 con·

92 1303 209 1371 ditione
230 1311 444 1389 ceterorum,
472 1303 583 1392 quiin
610 1312 706 1372 terra
731 1303 935 1392 superstites
960 1307 1076 1369 essent
1102 1297 1155 1366 fu·

90 1405 280 1495 turiusque
309 1405 356 1471 ad
383 1404 571 1494 παρουσίαν
590 1405 796 1474 servatoris.
846 1403 973 1471 Sancte
1000 1401 1156 1470 adfirmat

93 1505 232 1594 Paulus,
252 1505 455 1593 Dominum,
483 1503 541 1574 uhi
561 1508 709 1595 venerit,
738 1507 887 1575 eiusdem
915 1506 1006 1574 vitae
1033 1504 1155 1573 beatae

95 1615 260 1676 ueterem
279 1607 358 1675 fore
379 1607 531 1677 omnibns
553 1610 644 1678 ueris
671 1610 777 1697 ipsius
799 1607 1042 1684 sectatoribus,
1069 1629 1156 1674 mor·

97 1711 163 1774 tuis
198 1710 326 1796 pariter
368 1717 469 1799 atque
513 1710 548 1776 in
596 1718 692 1778 terra
735 1710 961 1777 versantibus.
1022 1709 1062 1777 Ο.
1094 1699 1157 1792 lV,

103 1831 135 1876 r.
164 1807 335 1877 13-18.
386 1809 615 1900 Acqniescorc
649 1811 744 1878 iubet
769 1810 980 1877 Christianos
1014 1831 1095 1876 suos
1123 1809 1158 1873 in

100 1911 343 1999 exspectatione
377 1913 585 2001 certissima,
617 1913 814 1990 Dominum,
846 1920 998 1999 temporo
1026 1909 1158 2000 quidem

98 2014 277 2081 bominibus
298 2014 490 2102 incognito,
512 2013 682 2104 inopinato
711 2023 746 2084 ct
766 2015 877 2083 subito
905 2015 1055 2081 sicdobem
1080 2032 1158 2080 esse

97 2121 282 2199 rutarum
309 2117 495 2204 docetque,
521 2137 705 2204 nonense,
733 2117 820 2208 quod
843 2115 902 2182 illa
929 2115 1056 2184 Christi
1077 2138 1159 2204 παρ-

99 2217 204 2304 ουσία,
230 2217 377 2284 forsitan
394 2239 505 2309 [πορθ
532 2218 694 2306 instante,
722 2218 952 2308 exspectanda
972 2217 1063 2285 anxii
1082 2220 1160 2286 red-

99 2321 214 2386 dantur
238 2327 276 2387 et
307 2319 462 2406 solliciti,
496 2321 654 2388 simodo
682 2321 826 2388 animum
856 2329 992 2389 servent
1018 2318 1160 2406 vigilan·

98 2429 177 2507 ten,
202 2421 365 2490 adventui
392 2420 514 2489 indicis
538 2421 624 2490 bene
645 2432 903 2512 praeparatum,
931 2429 1027 2490 recte
1053 2422 1162 2488 facto·

96 2545 165 2590 rum
186 2523 252 2588 sibi
274 2523 459 2591 conscium.
504 2522 542 2591 C.
564 2523 609 2611 V,
633 2549 666 2594 v.
692 2526 836 2592 1--11.
880 2527 1073 2615 Sequuntur
1100 2523 1162 2590 ite-

97 2646 168 2690 run
193 2624 282 2692 rarii
303 2624 440 2709 generis
460 2634 645 2714 praecepta
666 2630 710 2695 od
736 2626 836 2695 finem
858 2649 965 2718 usquo
988 2624 1162 2714 epistolae.

97 2725 135 2794 G.
155 2723 199 2811 V,
219 2749 253 2798 v.
279 2723 451 2800 12-2-28.
500 2726 598 2795 Haeo
625 2728 737 2796 omnia
762 2729 890 2798 Paulus
917 2731 966 2797 ita
990 2726 1163 2817 persequi·

97 2837 169 2904 tar,
195 2835 233 2894 ut
253 2825 358 2893 facila
379 2834 512 2915 pateat,
540 2851 616 2898 anm
642 2829 791 2899 lectores
817 2831 1164 2901 moneo-constra-

99 2951 157 2994 ω
175 2928 309 3016 (quippo
339 2928 395 3017 qni
418 2927 519 3014 longe
541 2931 702 3000 maiorem
724 2933 968 3001 constituerent
988 2933 1087 2998 huius
1110 2952 1165 2998 oo-

100 3029 223 3098 clcaiac
255 3032 408 3119 partem)
441 3053 523 3118 praa
563 3033 687 3102 ceteris
722 3043 801 3101 ante
841 3020 959 3102 oeulos
993 3032 1164 3099 habuisse.

104 3131 258 3200 Abstinct
281 3131 405 3221 qnippe
432 3133 479 3218 (in
512 3141 655 3223 utraque
684 3135 841 3222 epistola)
867 3133 1031 3202 eiusmodi
1059 3133 1167 3200 modis

107 3234 355 3316 nguumuudi
384 3235 636 3325 sententiasque
663 3236 856 3323 propositas
883 3237 1094 3322 illustrandi,
1122 3237 1167 3303 ad

100 3331 227 3422 piacita
251 3333 465 3423 indolemque
491 3335 701 3406 Judaeorum
721 3340 868 3408 maximo
894 3338 1168 3424 accommodatis,

102 3435 217 3525 quales
249 3435 332 3504 alibi
360 3435 555 3525 frequenter
583 3442 673 3526 apud
700 3440 842 3508 Paulum
872 3442 1069 3524 obveniunt,
1104 3463 1169 3509 nec

101 3538 231 3626 laudnt,
258 3559 326 3606 nec
353 3537 539 3623 allegorice
563 3547 691 3609 tractat
718 3544 823 3609 allata
850 3545 978 3634 antiqui
1004 3543 1168 3624 foederis3

101 3640 295 3728 plerumque
317 3639 474 3726 exempla
496 3641 632 3708 adhibet
654 3650 690 3709 ct
710 3643 888 3732 voeabula,
911 3667 954 3713 ex
978 3647 1050 3714 vito
1070 3644 1170 3711 mori-

103 3741 224 3831 busque
254 3740 427 3810 hominum
450 3743 660 3816 ethnicorum
682 3747 852 3830 desumta3
879 3746 1096 3838 pluribusque
1123 3745 1172 3808 lo-

108 3843 153 3910 cis
170 3845 324 3912 lectores
345 3849 504 3931 tanquam
522 3845 733 3916 Christianos
754 3869 797 3916 ex
817 3848 960 3936 paganis
979 3847 1172 3936 alloquitur,

99 3946 132 4012 I.
156 3945 331 4016 Thessoll.
365 3943 406 4029 1,
433 3941 470 4010 9.
494 3943 535 4032 2,
561 3945 623 4015 16.
645 3946 684 4033 4,
706 3947 743 4014 5.
770 3947 830 4014 13.
878 3950 967 4037 (Gfre
993 3951 1172 4034 Burgar-

101 4047 230 4115 bondt
252 4067 350 4134 spec.
372 4046 513 4111 notul,
534 4047 625 4114 laud.
647 4071 680 4136 p.
705 4047 769 4116 95.
792 4057 859 4140 sq.)
902 4049 1079 4116 Posterior
1099 4058 1172 4118 tan-

102 4157 166 4215 tum
200 4146 353 4239 epistola
380 4145 465 4233 Gap.
491 4145 536 4216 ll.
572 4152 735 4229 continet,
770 4173 857 4240 quae
890 4151 1100 4226 Judaeorum
1132 4153 1173 4218 do

103 4249 227 4320 Massia
249 4246 432 4326 doctrinae
454 4249 591 4344 propius
613 4252 820 4328 cohaereant
840 4255 887 4341 (v.
911 4253 1083 4343 342).
1138 4315 1140 4319 ,
