2802 4956
242 445 270 516 4
614 443 933 534 Prolcgomcna.

243 624 311 686 tem
331 619 440 686 mi
458 620 649 708 siens-qm
668 609 774 702 (duat
797 621 855 686 mi
874 621 942 698 ὄις)
968 615 1115 704 nemis
1138 615 1309 683 eumit-

242 721 348 788 tenda
368 720 576 790 sublevasse.
618 721 700 807 (uui
721 721 813 790 forte
830 719 1048 803 conieceriut,
1069 718 1213 785 Paulum
1235 719 1269 783 h.
1285 717 1309 782 l.

244 824 287 890 de
315 823 383 889 alio
410 830 562 910 tempure
583 823 774 910 cogitasse,
802 845 868 912 quo
894 825 1015 888 iterum
1041 818 1311 887 Thessalonicen

244 925 403 1011 adiisset,
429 925 594 992 eiusmodi
621 923 893 992 commorationis
918 921 1018 989 Pauli
1048 920 1136 986 inter
1157 920 1311 988 Thessa·

243 1027 334 1094 loun.
355 1025 495 1093 serioris
519 1027 646 1093 indicia
666 1035 763 1094 certa
782 1034 972 1092 monstrare
993 1028 1181 1112 nequeunt,
1200 1021 1258 1090 sel
1278 1021 1314 1086 in

242 1129 344 1196 Actis
370 1129 459 1216 App.
493 1129 552 1196 sel
584 1128 619 1194 in
650 1127 804 1215 epistolis
836 1127 989 1194 Pauliuis
1022 1125 1191 1210 ohsia.)²)
1238 1121 1314 1197 Quo

244 1230 368 1297 laetius
395 1229 565 1316 evangelii
589 1230 756 1316 professio
784 1231 873 1297 iuter
898 1227 1061 1295 Ethnicos
1086 1225 1314 1293 Thessalonn.

245 1329 413 1416 effloruit,
442 1352 483 1397 eo
510 1331 624 1398 acrius
644 1330 855 1399 Judaeorum
881 1329 993 1395 odium
1014 1329 1050 1394 in
1070 1326 1214 1394 Paulum
1236 1349 1317 1393 cou-

245 1433 386 1502 citatum
408 1440 472 1499 est.
521 1431 659 1520 ltaque,
686 1432 857 1500 adiunctis
877 1431 943 1496 sibi
965 1431 1154 1497 hominibus
1175 1451 1220 1495 ex
1241 1428 1316 1494 inii·

246 1556 303 1601 ma
322 1533 440 1622 plebe,
466 1533 762 1620 circumforaneis,
789 1533 893 1600 turba
919 1532 1083 1618 collecta,
1110 1532 1317 1598 tumultuan-

246 1644 300 1701 tes
323 1635 479 1719 adgressi
501 1643 580 1701 sunt
601 1638 735 1704 domum
763 1634 898 1702 imonis
918 1633 1057 1721 (Judaei
1077 1635 1122 1700 ad
1144 1633 1317 1700 Christum

246 1737 432 1822 conversi),
460 1735 517 1824 qui
542 1735 686 1806 Paulum
713 1761 789 1806 cnm
818 1737 922 1804 sociis
948 1735 1094 1823 hospitio
1121 1743 1319 1823 exceperat,

245 1847 284 1906 nt
304 1839 381 1905 illos
408 1839 453 1903 nd
478 1837 637 1906 iudicium
663 1845 835 1928 raperent.
884 1839 979 1912 Quos
1005 1837 1105 1926 quium
1131 1861 1198 1904 non
1224 1837 1320 1903 iusc-

245 1941 391 2026 uisseut,
411 1938 569 2005 iasonem
590 1941 699 2026 ipsum
725 1948 763 2005 et
789 1938 877 2004 alios
904 1939 1066 2025 quosdam
1092 1938 1228 2002 Christo
1257 1939 1321 2002 ad·

247 2041 374 2125 dictos,
387 2039 438 2122 ,in
460 2039 534 2104 eins
562 2040 703 2106 aedibus
731 2045 997 2122 commorantes,
1025 2040 1070 2106 ad
1095 2036 1321 2123 magistratus

245 2142 392 2210 urbanos
420 2147 675 2228 protraxerunt,
706 2148 909 2210 accusantes
936 2139 1113 2227 iasonem,
1140 2141 1229 2228 qnod
1257 2138 1321 2204 ho-

246 2244 365 2330 mines,
391 2243 628 2328 imperatorem
650 2242 847 2330 prolitentes
867 2242 1008 2326 desum,
1029 2241 1170 2309 Caesari
1196 2241 1321 2309 adver-

246 2353 380 2430 santes,
408 2343 553 2431 hospitio
587 2344 788 2432 excepisset.
839 2343 1063 2430 Magistratus
1094 2343 1246 2431 quidem,
1278 2364 1321 2408 rc

246 2446 402 2533 cognita,
422 2444 581 2513 Iasonem
607 2454 808 2536 ceterosque
835 2447 1058 2530 dimiserunt,
1090 2418 1234 2530 accepia
1262 2465 1321 2510 sa-

245 2549 440 2617 tisdatione.
490 2547 675 2614 Christiani
709 2571 792 2616 vero
827 2547 1112 2616 consultissimum
1146 2545 1321 2612 existima-

247 2659 342 2737 runt,
362 2658 402 2716 ut
422 2648 583 2736 Paulum,
611 2649 735 2736 Silam,
757 2649 975 2718 Timotheum
995 2649 1122 2736 absque
1144 2669 1240 2716 mora
1259 2669 1324 2712 uo-

248 2761 306 2820 ctu
328 2753 536 2820 deducerent
562 2751 596 2818 iu
618 2751 721 2818 aliam
743 2751 965 2818 Macedoniae
986 2750 1116 2837 urbem,
1138 2751 1321 2834 Beroeam,
1377 2759 1378 2766 ’

248 2853 373 2940 exigno
415 2853 567 2920 locorum
609 2853 788 2921 intervallo
827 2850 1079 2919 Thessalonica
1127 2852 1323 2916 distantem.

106 3045 112 3054 ,
248 2952 589 3040 Aeo.17‚5-10.
632 2953 705 3022 Nec
727 2955 846 3041 desiit,
869 2953 1009 3021 ahsente
1030 2952 1157 3038 Paulo,
1179 2952 1233 3017 ira
1252 2950 1325 3018 fer·
1377 2937 1378 2940 ¹

248 3080 330 3126 vere
356 3056 577 3125 Judaeornm.
625 3055 751 3143 lmmo,
780 3056 837 3144 qni
857 3053 1128 3121 Thessalonicae
1154 3050 1324 3138 Apostolo

248 3158 379 3225 frustra
410 3159 479 3227 vim
513 3155 639 3226 inferre
664 3155 771 3224 moliti
799 3155 953 3241 fueraut,
986 3155 1045 3224 uhi
1077 3163 1326 3240 cognoverant,

249 3258 373 3325 multos
406 3265 442 3338 et
467 3259 678 3326 Judaeorum
713 3266 749 3324 et
781 3257 966 3323 Gentilium
992 3256 1234 3324 Beroeensiuru
1262 3256 1326 3319 du-

251 3359 395 3428 ctrinam
422 3359 465 3426 de
486 3357 641 3447 Christo,
667 3357 776 3427 Paulo
803 3363 840 3422 et
859 3355 934 3442 Sila
959 3355 1218 3442 praceuntibus,
1248 3373 1323 3418 arn-

320 3547 352 3607 2)
370 3545 448 3607 onae
463 3545 557 3599 Lucas
573 3545 654 3602 Acii.
671 3545 726 3616 17,
745 3543 774 3596 ὅ.
791 3543 930 3611 perhibet,
945 3553 1001 3596 uon
1018 3543 1215 3610 demonstrant,
1233 3543 1323 3608 etap-

250 3633 292 3684 rir
308 3633 397 3683 trihus
419 3623 569 3698 σαββάτοις
585 3637 625 3693 (v.
642 3633 682 3693 2.)
707 3627 860 3694 confestim
882 3631 1023 3682 exstitisse
1039 3631 1130 3696 iiiam,
1154 3640 1225 3692 qnae
1249 3641 1275 3676 v.
1293 3633 1325 3680 5.
1377 3635 1378 3716 p

252 3729 327 3779 seqq.
345 3722 486 3782 narratur,
502 3717 674 3768 iudaeorum
690 3713 861 3778 redicimus,
872 3713 988 3765 Paulam
1005 3715 1148 3766 discedere
1165 3717 1325 3777 cogentem.

251 3801 350 3866 immo,
373 3804 518 3864 postquam
532 3801 697 3866 Apostolus,
720 3797 843 3848 doctriua
866 3797 901 3848 dc
921 3801 991 3850 Jesu
1014 3799 1124 3852 Girhto
1145 3795 1269 3848 Joduris
1292 3802 1328 3848 ei

252 3885 403 3948 proselytis
423 3895 475 3948 per
502 3885 558 3932 trin
583 3883 701 3932 sabbata
718 3881 745 3930 iu
768 3885 907 3934 mevania
933 3894 1017 3935 sacro
1039 3887 1180 3951 exposita,
1204 3883 1326 3932 ieiiciori

252 3981 386 4020 successu
403 3967 570 4030 uuquamdin
588 3963 749 4015 ommibus
766 3963 822 4022 (vd.
840 3975 912 4027 quae
928 3979 1014 4031 snpra
1030 3969 1064 4020 de
1080 3971 1146 4020 icet
1164 3961 1222 4018 sel
1244 3956 1326 4028 ἑλλή-

140 4115 150 4124 ·
253 4067 305 4104 νων
336 4053 464 4112 diri-us)
488 4049 604 4101 eandem
632 4049 785 4100 doctrinam
811 4051 1066 4120 commendaverat,
1091 4056 1206 4119 ¹iudaei,
1234 4051 1327 4104 Paulo

253 4149 316 4190 crim
334 4138 487 4188 Gentilibus
503 4133 676 4186 umidariter
690 4133 815 4184 sersauti
833 4137 957 4198 graviter
974 4141 1173 4188 succensentes
1191 4135 1276 4198 (quon
1294 4139 1328 4189 in

254 4225 330 4273 textu
339 4222 413 4284 vulg.
431 4217 509 4274 Acii.
519 4219 571 4274 bl·
589 4227 651 4271 voc.
666 4208 826 4284 ζηλόσαπες
834 4221 1007 4283 exprimitur)
1018 4221 1052 4273 de
1065 4221 1183 4274 tumultu
1196 4223 1328 4285 cogitare

254 4309 416 4371 coeperunt.
