2758 4956
260 421 371 511 spur.
393 421 424 490 r.
447 423 491 492 au
513 421 686 492 ruerem.
709 422 746 492 o.
767 424 828 494 ιν.
852 423 893 494 v.
917 395 954 496 i.
976 423 1014 494 e
1092 423 1169 494 ¹17

104 611 216 656 m
235 594 367 656 ereviur
387 597 574 674 explicueris,
593 603 657 658 iere
677 599 696 660 t
718 613 745 674 q.
767 594 897 661 διδόναι
918 619 1017 680 τινι,
1036 615 1079 676 pr.
1100 597 1167 672 spi-

106 697 180 755 rium
208 699 457 774 concederetis,
488 705 519 760 ut
552 701 650 758 ueniat
675 702 714 759 ad
739 701 881 778 aliquem,
914 719 940 763 s.
969 717 1006 760 ex
1031 701 1167 760 hebraico

100 815 173 856 mere
191 801 335 873 loquendi
353 816 441 872 super
461 817 496 860 eo
515 801 604 860 veluti
625 801 768 879 quiescat,
787 804 850 861 Jer.
869 805 923 881 11,
937 806 968 862 2.
990 805 1018 863 i.
1033 805 1165 862 Senmet.

97 901 143 972 1⁹,
156 903 212 958 20.
249 902 332 960 Joet.
351 902 429 976 o,1.
450 905 482 962 2.
533 905 586 963 Sin
612 905 755 974 posterius
782 907 976 979 praeferatur,
1007 896 1164 982 πνεύματι

93 993 147 1076 rip.
167 1001 311 1060 misane
331 1003 500 1063 mutationes
520 1003 722 1062 saluberrimae
743 1004 957 1081 describuntur,
978 992 1076 1079 'quae,
1101 1005 1164 1064 neo

97 1103 205 1160 velena
225 1107 258 1160 ci
280 1103 460 1180 moderante,
487 1117 540 1177 per
564 1105 695 1178 spiritum
716 1104 859 1180 divinum,
885 1107 916 1163 iu
941 1105 1101 1164 homnine
1125 1104 1164 1160 ad

97 1201 236 1262 cursem
261 1203 415 1262 conversis
434 1206 569 1264 accidunt
585 1204 652 1282 (vd.
674 1219 700 1262 c.
715 1204 744 1262 1.
763 1221 791 1262 v.
803 1205 833 1262 6.
853 1207 901 1266 11.
916 1208 1000 1266 Corr.
1015 1207 1045 1281 1,
1056 1206 1109 1266 21.
1116 1220 1161 1280 sp.

90 1301 216 1376 lioppe
243 1319 313 1362 exe.
335 1305 389 1362 vi„
416 1305 454 1364 ad
476 1305 585 1384 θαι),
608 1306 649 1364 ita
667 1312 700 1364 ui
718 1307 786 1367 vbb.
818 1299 875 1366 cdv
901 1304 957 1365 nai
983 1300 1084 1368 δόντα
1107 1311 1162 1364 eie.

87 1421 191 1464 uorum
212 1408 367 1478 proterant
386 1409 593 1482 argumentum,
613 1422 668 1480 quo
689 1408 841 1484 doceatur,
865 1406 1015 1485 hominem,
1035 1408 1085 1481 qui
1105 1421 1160 1466 co-

87 1505 282 1566 hortationem
300 1507 340 1566 ad
359 1508 572 1566 sanctimoniam
587 1509 738 1585 spreverit,
759 1513 939 1568 contemnere
954 1508 1048 1581 ipsum
1059 1510 1160 1583 ileum,

88 1609 193 1680 quippe
215 1609 268 1680 qui
288 1624 347 1669 uon
374 1611 480 1666 tantum
500 1607 538 1667 ad
557 1608 645 1666 vitam
666 1609 870 1668 emendandam
894 1625 948 1668 nos
968 1613 1066 1668 ennete
1086 1625 1159 1682 pro-

86 1709 238 1766 vocaverit
265 1708 432 1782 peripsam
452 1709 597 1784 evangeiii
617 1709 875 1785 praedicationem,
902 1713 956 1768 red
979 1713 1055 1770 adeo
1080 1711 1159 1769 iane

86 1811 181 1866 arisi
202 1811 306 1870 τιθείη·
325 1824 500 1886 monmrqee
524 1811 759 1868 immutationem
776 1814 922 1884 perpetuo
948 1813 1068 1869 adimet
1088 1813 1156 1885 spi-

84 1910 163 1967 ritur
181 1913 240 1968 sui
256 1913 387 1986 metuo,
405 1911 463 1970 nisi
482 1911 547 1985 quis
566 1909 712 1986 refragari
731 1911 853 1970 modius
871 1911 1066 1970 saluberrima
1086 1927 1157 1983 per,-

84 2010 220 2070 iineiter
246 2010 388 2086 voluerit,
412 2013 511 2087 Epiri
529 2013 567 2088 4,
586 2015 639 2072 dd.
687 2011 769 2070 Nihil
794 2013 868 2070 euim
895 2015 955 2088 est,
988 2013 1062 2086 quud
1088 2011 1118 2068 ir.
1138 2011 1157 2068 i.

84 2111 123 2168 de
143 2111 235 2187 mus,
263 2127 339 2186 quae
364 2110 591 2172 exuaordiuaria
610 2113 758 2188 dicuutur,
783 2113 901 2186 spiritus
920 2129 945 2172 s.
965 2112 1048 2172 donis
1068 2112 1157 2188 eogi-

85 2211 141 2268 tari
164 2213 284 2290 iubeat,
310 2211 441 2287 quamvis
466 2212 544 2272 haud
569 2213 753 2291 negaverim,
780 2211 991 2287 possessionem
1017 2228 1156 2287 usumque

85 2311 187 2372 horum
207 2305 427 2393 χαρισμάτων
448 2327 483 2372 aa
502 2314 540 2372 de
560 2330 648 2374 causa
667 2315 727 2374 lui.
748 2314 909 2390 praedicari
923 2312 1060 2388 potuisse,
1081 2313 1157 2386 quod

83 2415 251 2472 moedau
265 2414 381 2472 durae
395 2415 540 2491 evangelii
553 2416 855 2478 Thessalonicensibus
875 2415 981 2491 uadiii,
1001 2416 1038 2472 ad
1053 2404 1154 2490 cipra-

85 2507 400 2592 recuperaremus,
429 2516 619 2576 declarandae
643 2517 721 2576 haud
753 2534 853 2591 parum
877 2515 1042 2576 inserviret.
1092 2514 1154 2572 Gir.

86 2614 340 2677 riccimiri.
389 2617 524 2677 Attamen
544 2633 597 2691 pro
624 2615 667 2683 etc
692 2609 782 2696 ἡμᾶς
808 2618 977 2677 mctommta
1003 2615 1154 2674 multorum

86 2715 170 2774 cedri.
192 2731 384 2794 morum,
403 2718 434 2776 in
454 2719 556 2792 quibua
576 2721 643 2778 suut
660 2720 889 2796 praestantiores,
907 2717 1071 2778 versionum
1089 2716 1153 2776 Pe·

85 2817 181 2874 scidis
208 2821 239 2874 et
266 2818 377 2880 Araii.
402 2820 526 2894 itemque
557 2820 677 2879 duomm
704 2819 788 2878 codd.
814 2821 970 2895 sermonis,
994 2833 1069 2894 uuae
1094 2817 1152 2877 die.

84 2917 174 2994 nais,
197 2919 317 2992 Didymi
336 2925 366 2980 et
384 2919 613 2997 Ambrosiastri)
634 2938 697 2980 uon
719 2921 872 2980 Clementis
892 2920 982 2980 Alex.
1007 2918 1055 2995 qui
1083 2919 1104 2975 i.
1124 2914 1154 2974 i.

89 3023 215 3077 moram.
246 3037 278 3093 p.
297 3019 370 3080 508.
398 3022 444 3082 ed.
472 3023 552 3094 sylb.
584 3023 756 3096 scripturam
787 3021 882 3093 potius
911 3019 993 3096 vulg.
1020 3017 1153 3093 exhibet]

95 3119 209 3194 plures,
233 3123 393 3199 Bangei,
423 3123 626 3197 Matthaei,
656 3121 802 3196 Koppe,
834 3121 985 3195 Knapp,
1016 3119 1154 3190 vater,

96 3218 176 3276 i’cli
199 3221 257 3298 legi
278 3225 436 3282 maluerunt
465 3222 522 3289 air
548 3213 671 3302 ripole,
701 3237 784 3296 quam
809 3223 908 3294 script
935 3217 1152 3280 drlesbacir.

91 3337 187 3394 paren
215 3329 296 3382 certe
323 3325 458 3400 vulgatae
485 3324 631 3382 iudicavit
681 3322 924 3382 oecumenius
951 3335 1079 3396 quoque,
1104 3319 1153 3378 ulei

89 3427 177 3484 rerba
198 3427 333 3484 contexta
351 3425 526 3502 suppeditat,
552 3425 624 3501 legit
653 3413 761 3504 ὑμᾶς,
788 3421 817 3482 in
843 3423 908 3496 ipsa
927 3424 1041 3496 quddam
1059 3422 1152 3480 inter-

90 3525 247 3596 paliure
267 3525 366 3585 verbis
391 3541 476 3584 usus:
501 3519 538 3586 ad
567 3514 620 3600 ἇγ.
647 3524 773 3604 πνεῦμα
803 3519 895 3586 ἔδωκε
920 3515 1024 3603 ἡμῖν.
1074 3524 1152 3580 Scu-

90 3627 175 3684 term
194 3627 297 3686 eaden
317 3627 423 3701 prodit,
450 3641 534 3700 quam
553 3625 703 3684 lectionem
722 3627 803 3702 vrdg.
824 3617 916 3704 ἡμᾶς
935 3625 1057 3682 tundere
1076 3621 1152 3692 pidi-

91 3741 165 3804 ω,
190 3729 219 3786 ai
243 3727 321 3786 haee
339 3727 377 3786 de
396 3725 566 3786 Christianis
585 3724 735 3802 rumperes,
762 3725 886 3798 Spiritus
905 3725 964 3782 dir.
992 3721 1151 3782 ardenniam

92 3827 163 3884 irrina
183 3829 396 3902 experientibus
414 3827 558 3886 intellecta
576 3827 672 3887 tuerit
712 3826 811 3885 Facile
830 3828 917 3900 patet,
935 3824 992 3881 hoc
1006 3821 1047 3886 eir
1062 3811 1152 3899 iper

91 3943 180 4002 napus
198 3927 371 4002 Apostolum
390 3928 509 4004 eiusque
528 3928 642 4003 socios,
667 3943 761 4002 neque
781 3927 893 3985 omnino
913 3925 984 3981 eiius
1006 3919 1151 3979 Cirrmda-

92 4043 144 4085 nna
161 4030 325 4088 excludere
369 4030 445 4106 Sed,
465 4030 698 4103 quemadmodum
716 4028 824 4088 Paulus
849 4041 885 4096 v,
903 4023 932 4082 6.
959 4020 1149 4080 Thessaloni·

94 4132 223 4188 cadius
251 4131 376 4188 dixmatr
403 4147 458 4190 vos
483 4131 540 4190 ium
559 4130 629 4188 sads
649 4129 743 4186 educti
763 4127 848 4202 estis,
873 4125 1045 4184 voluntatem
1073 4123 1152 4182 diri-

97 4229 234 4290 niue
258 4235 408 4306 medere,
430 4235 463 4292 ut
490 4229 693 4290 muodmoniae
719 4227 872 4303 audeads,
897 4224 938 4288 lta
965 4224 1048 4284 &em
1072 4224 1152 4285 lui.
