2758 4956
259 435 336 505 114
395 435 505 524 Epist.
528 437 556 504 Ι.
579 439 622 504 ad
644 435 816 505 Thessali.
846 437 884 506 Ο.
907 437 968 510 lv.
996 438 1036 508 V.
1058 435 1177 506 3-0.

255 616 319 672 runt
339 633 383 692 κῳ
404 611 422 670 i.
445 631 471 686 q.
495 633 570 686 ιικι,
598 613 652 671 etsi
671 613 800 672 intentor
820 615 1027 689 coneedanrns,
1053 613 1191 674 ennon
1218 617 1327 672 nsote-

254 717 358 773 tionern
385 715 597 774 difficultatibus
621 715 707 772 nullis
732 732 798 774 csse
824 718 988 791 obnoxiam,
1015 733 1100 790 quum
1128 717 1211 773 codd.
1236 715 1327 774 cnti-

255 817 383 890 quissimi
404 833 496 890 neque
520 818 578 874 iota
597 818 788 890 subscriptum
808 835 900 892 neque
927 820 1139 876 circumflexum
1159 817 1332 892 habuerint,

254 933 308 978 nee
339 918 404 978 loca
431 919 603 994 desiderari,
636 920 685 976 nbi
711 921 852 991 particula
868 920 1011 978 'enclitice
1039 941 1084 986 cac
1110 918 1331 977 substantivum

253 1039 336 1082 enum
365 1022 535 1096 praecedet,
562 1022 610 1078 vd.
636 1021 820 1078 Matthiae
845 1020 994 1093 aursei-hri.
1020 1023 1130 1096 potech-
1154 1021 1331 1082 dramma-

255 1127 299 1184 ns
324 1124 370 1180 ed.
390 1125 429 1180 ΙΙ.
457 1125 491 1180 h.
513 1124 537 1180 1.
562 1137 591 1194 p.
613 1121 683 1180 181.
733 1124 865 1180 Ceterum
892 1123 1055 1200 πρᾶγμα
1083 1123 1160 1192 apud
1181 1125 1333 1193 profanos

254 1229 388 1284 auctores
407 1225 547 1282 interdum
568 1224 605 1280 de
625 1239 658 1280 re
678 1239 802 1281 veneres
822 1224 999 1294 potissimum
1026 1224 1082 1280 dic.
1103 1224 1162 1281 Vd.
1187 1223 1331 1281 Pollucis

256 1327 408 1388 onomast
435 1327 476 1400 V,
496 1324 545 1381 15.
570 1343 594 1382 s.
617 1325 666 1382 13.
686 1325 891 1382 wettstcin
916 1325 955 1382 ad
981 1323 1010 1380 h.
1031 1324 1049 1380 1.
1101 1325 1163 1392 Qno
1193 1326 1329 1398 gravius

253 1429 393 1487 eiusmodi
414 1427 509 1483 earnis
530 1427 635 1484 delicta
654 1427 792 1484 voluntati
813 1426 928 1483 divinae
947 1431 1109 1500 repugnant
1129 1426 1176 1501 (v.
1198 1425 1262 1505 ³.)‚
1290 1443 1331 1483 eo

253 1529 405 1588 certiorem
431 1529 468 1585 iis
496 1528 602 1586 instare
630 1543 750 1600 poenam
777 1527 902 1584 divinam
929 1528 1059 1584 adtirnrnt
1076 1527 1180 1597 Apost
1205 1517 1331 1585 διότι

254 1625 413 1695 ἔκδικος
434 1635 489 1687 eto.
512 1623 690 1698 ἔκδικος,
710 1632 839 1703 stodes,
858 1631 950 1705 oller,
972 1629 1072 1685 codem
1092 1643 1180 1686 sensu
1198 1629 1330 1686 Rormn.

254 1735 306 1809 13,
324 1735 359 1792 4.
389 1733 487 1790 Shoc.
506 1734 562 1809 ed,
581 1733 612 1788 d.
666 1730 846 1788 Vocabulum
875 1731 1004 1802 profanis
1032 1744 1143 1802 quoque
1174 1729 1334 1804 usitatum,

250 1834 419 1908 praesertim
446 1834 483 1890 de
509 1832 707 1890 defensoribus
733 1834 763 1886 et
788 1831 984 1905 cognitoribus
1012 1830 1158 1888 civitatum
1182 1831 1333 1906 singula-

250 1953 329 2009 rnnr,
349 1935 504 1992 Ernesti
530 1936 622 1992 clootc
643 1935 738 1992 Cicer.
759 1933 822 1988 suh.
842 1949 872 1988 v.
900 1934 1027 1990 ecdicos.
1069 1931 1237 2009 nemim,
1266 1933 1329 1992 in-

250 2039 326 2111 quit,
345 2039 426 2094 ultor
446 2041 490 2092 eet
509 2036 617 2092 domm
637 2036 789 2110 omnium,
818 2033 883 2090 sive
902 2034 1074 2091 scortatione
1095 2029 1220 2111 πορνείᾳ
1244 2051 1332 2105 pro-

250 2139 313 2211 prie
332 2138 424 2210 diota,
450 2135 513 2192 sive
541 2135 698 2210 aduloerio,
724 2151 748 2191 s.
769 2135 825 2191 aiio
851 2134 1022 2208 flagitiorum
1050 2135 1180 2206 corporis
1206 2151 1333 2210 genere

249 2244 394 2312 peccetrn.
437 2239 499 2295 cfr.
519 2237 627 2295 Hedrr.
647 2235 699 2311 13,
717 2236 754 2293 4.
781 2237 880 2310 ΕρΙιΙι.
899 2241 933 2313 d,
954 2239 985 2294 d.
1016 2239 1125 2296 Colore.
1140 2239 1174 2314 8,
1189 2239 1221 2295 d.
1277 2241 1332 2297 De

249 2340 296 2398 hie
315 2347 399 2413 qnam
420 2338 546 2395 edidisse
566 2337 632 2396 olirn
654 2338 925 2395 'thessalonicenses
946 2351 1043 2394 coram
1063 2337 1223 2410 edocuerit,
1242 2337 1331 2396 hre-

248 2443 324 2502 viter
342 2441 380 2499 iis
399 2441 430 2498 in
451 2443 572 2497 mentem
591 2444 723 2498 revocat:
745 2433 886 2505 καθώς
906 2435 972 2498 καὶ
990 2441 1045 2494 etc.
1086 2437 1220 2495 Formam
1232 2442 1332 2498 sori-

249 2545 286 2604 eti
307 2543 337 2600 2.
365 2539 632 2620 reporimus:
660 2548 732 2600 onte
761 2559 786 2598 s.
809 2544 898 2614 prim
925 2541 1077 2615 dictorem,
1107 2541 1175 2598 Gal.
1195 2543 1236 2616 5,
1260 2546 1328 2602 21.
1377 2529 1378 2562 ³

250 2645 325 2720 (alio
349 2658 437 2700 sensu
463 2648 588 2720 specim
614 2643 836 2720 Acu.1,1e..·
864 2644 961 2698 iutura
980 2641 1157 2716 praedixit),
1183 2641 1329 2700 Gries-

248 2744 349 2804 bach.
368 2750 448 2800 reete
468 2744 573 2822 edidit,
601 2745 750 2802 mrdtornrn
772 2743 855 2800 codd.
880 2743 910 2800 in
935 2743 1038 2814 qnihrm
1064 2747 1109 2798 est
1132 2741 1331 2802 Menandri-
1376 2733 1378 2772 ⁴

248 2863 317 2922 nos,
336 2846 460 2918 itemque
481 2844 696 2918 chrysostomi,
717 2843 859 2901 'l'heodor
880 2843 1039 2915 'l'heophyh
1058 2845 1243 2918 anctoritate,
1264 2861 1332 2916 pro
1377 2857 1378 2876 ¹

247 2947 363 3024 ordgari
382 2947 480 3018 script
500 2962 560 3003 aor
580 2945 609 3004 1.
630 2943 900 3024 προείπαμεν,
921 2949 1014 3003 torma
1033 2945 1063 3002 in
1083 2944 1139 3003 hoc
1158 2945 1206 3002 vh
1229 2960 1331 3005 corn-
1377 2931 1378 3052 1

246 3051 338 3122 posito
363 3049 550 3107 nonnsitata
597 3044 966 3127 Διαμαριύρεοθαι
992 3045 1021 3102 h.
1041 3046 1060 3102 l.
1086 3047 1135 3104 vel
1157 3047 1330 3121 signifiea-

245 3149 410 3210 tnnhnhct
428 3156 531 3208 uncte
551 3147 732 3222 adfirmandi
752 3148 890 3224 (poenam
902 3153 980 3206 ocrto
992 3148 1146 3224 summm),
1164 3147 1248 3207 Aott.
1258 3155 1329 3230 20,

245 3255 298 3310 88.
320 3247 760 3327 Xenophdiat.pr.3,2.13.‚
781 3251 828 3306 vel
849 3253 1026 3327 obtestandi,
1047 3250 1178 3327 graviter
1198 3239 1328 3310 cohor-
1376 3281 1377 3294 ι

245 3353 339 3426 tandi,
365 3353 404 3408 ll.
421 3350 542 3408 'timoth
556 3350 587 3425 2,
600 3349 650 3407 11.
665 3348 695 3424 1,
709 3351 737 3407 1.
758 3351 811 3424 ah,
831 3357 862 3408 ut
880 3351 1038 3422 Apostolus
1060 3367 1110 3409 eos
1130 3353 1331 3422 perpendere

245 3454 356 3526 iubeat,
382 3467 465 3525 quant
490 3453 619 3526 graviter
644 3452 711 3509 olirn
737 3451 811 3508 haee
838 3457 993 3524 praecepta
1019 3452 1186 3526 ininmerit,
1212 3453 1332 3516 addita
1376 3457 1377 3516 1

245 3555 409 3634 (specta.)
429 3569 538 3624 poenae
558 3553 673 3610 dirinae
693 3553 917 3611 comminatione.

327 3707 424 3779 Atque
445 3703 557 3761 omnino
578 3705 653 3781 [eit]
677 3703 745 3761 huic
766 3705 944 3761 obtestationi
964 3720 1049 3762 aures
1069 3701 1234 3777 praebeatis
1257 3723 1331 3767 ne.

244 3824 328 3865 cesse
349 3810 393 3862 est
397 3805 565 3882 ,siquidem
586 3822 730 3881 ca‚quee
752 3803 1330 3883 nohis,1)eoauctore,praediceti0ne

243 3907 388 3984 evangelii
415 3905 535 3982 contigit
554 3908 668 3965 vocatio
694 3909 732 3965 ad
752 3924 873 3984 regnum
901 3907 1027 3965 divinum
1055 3907 1142 3965 vitain
1167 3907 1376 3986 efflagitat

242 4011 362 4068 sceleris
382 4024 491 4080 puram.
1375 4005 1376 4092 1

325 4153 368 4220 V.
392 4154 427 4221 7.
452 4151 489 4220 8.
536 4148 640 4220 Oo
604 4177 668 4240 γαρ
697 4153 845 4223 indicano
873 4149 1007 4242 ἡμᾶς
993 4180 1012 4220 o
1041 4150 1124 4233 θιὸς
1152 4147 1246 4220 ἐπὶ
1225 4179 1329 4226 axa.

282 4257 427 4345 θαρσὶᾳ,
450 4251 516 4323 ἀλλ’
541 4257 575 4325 ἐν
596 4251 758 4350 ἁγιασμῷ.
803 4255 930 4340 (1.8.)
964 4250 1187 4347 Ίὲιιγαροῦνὸ
1217 4251 1330 4328 ἀθο-
