2710 4954
226 449 310 520 sot
599 449 916 538 Prolepomens.
1090 515 1096 520 .
1338 443 1339 530 l

229 641 295 710 quo
316 621 410 690 Am.
429 617 490 710 to,
503 617 542 690 6.
563 641 676 688 sermo
697 622 777 710 est),
798 619 834 688 iu
855 617 912 686 illo
934 617 1066 702 itinere,
1086 613 1178 684 eolus
1195 633 1275 681 meu·
1338 641 1339 648 ¹

231 724 280 790 tio
300 723 393 792 Aeto.
420 721 482 810 14,
504 721 541 792 6.
568 723 680 801 faeta,
707 745 776 793 uua
802 745 879 790 oum
901 719 1010 790 Paulo
1029 717 1194 786 Galatiam
1218 713 1278 780 obi·

233 825 312 893 isse.
355 825 431 894 Etsi
453 825 630 892 Barnabas
656 826 709 892 bis
730 823 933 894 Christiania
953 841 1119 909 uunquam
1143 815 1279 886 delacio
1338 845 1339 918 q

230 927 452 1013 innotuisset,
486 930 528 995 de
568 951 609 995 eo
643 911 769 998 tumen'
798 935 958 1015 tanquam
991 923 1125 991 Galatis
1162 919 1280 987 aliunde
1338 933 1339 1016 1

230 1027 319 1116 (sire
341 1051 476 1112 rumore
497 1037 532 1098 et
553 1028 661 1117 lama,
683 1032 757 1099 slve
779 1053 822 1098 ex
849 1027 933 1116 ipsis
953 1025 1054 1094 Pauli
1079 1021 1281 1103 sermonibus]
1338 1041 1339 1128 q

232 1131 368 1216 eoguito
389 1153 531 1200 narrare
552 1132 738 1219 Apostolus
760 1137 904 1217 poterat.
946 1128 1092 1213 Deinde,
1112 1144 1281 1216 quanquam
1338 1135 1339 1140 ’

231 1231 383 1319 omnino,
405 1255 494 1322 quae
515 1233 643 1304 Paulus
665 1255 718 1320 ep.
742 1235 787 1300 ad
812 1231 896 1301 601.
917 1229 957 1320 4,
981 1229 1044 1299 14.
1067 1227 1127 1298 16.
1146 1229 1188 1295 de
1207 1245 1282 1291 som·

231 1355 289 1402 ma
310 1334 412 1400 animi
432 1335 567 1404 laetitia
588 1344 624 1403 et
650 1335 845 1404 reverentia
872 1333 971 1420 dieit,
1001 1355 1071 1422 qua
1098 1331 1175 1398 olim
1194 1325 1284 1395 Gala·

232 1442 290 1503 tae
312 1435 421 1522 ipsum
443 1437 501 1504 illo
523 1446 677 1525 tempore
703 1449 868 1506 marm
888 1435 1025 1526 peridem
1045 1436 1169 1520 σαρκὶ
1187 1425 1284 1511 (malis

234 1538 384 1607 externis
419 1540 604 1627 addietum)
632 1540 845 1627 exceperint,
874 1539 919 1606 ad
946 1560 989 1605 ea
1010 1537 1142 1624 possint
1167 1527 1284 1611 referri,

233 1645 322 1728 quae
342 1640 437 1710 Acte.
455 1640 516 1728 13,
530 1639 596 1709 48.
619 1645 661 1709 de
684 1642 803 1709 iuoolis
824 1639 1046 1725 Antioohiae,
1077 1635 1221 1705 Pisidiae
1239 1651 1285 1698 ur·
1338 1623 1339 1688 l

234 1740 305 1829 bis,
331 1743 531 1830 religionem
553 1745 782 1812 Gbristiauam
804 1765 934 1812 summa
955 1741 1058 1808 animi
1083 1739 1210 1807 laetitia
1228 1755 1286 1800 em·
1338 1725 1339 1794 l

232 1843 360 1933 plexis,
381 1846 529 1933 itemque
549 1847 643 1918 Δια.
665 1845 727 1923 14,
751 1843 812 1913 19.
836 1849 877 1913 de
899 1844 1102 1932 gravissimo
1124 1840 1212 1910 vitae
1231 1835 1287 1902 dis·

233 1947 373 2016 erimine
391 1956 591 2036 narrantur,
612 1951 702 2038 quod
723 1948 851 2016 Paulus
871 1948 1019 2029 Lystrae
1042 1947 1131 2013 luter
1149 1941 1287 2010 «ludaeos
1338 1979 1339 2018 3

233 2047 348 2116 furore
371 2069 476 2116 eoeoo
499 2050 647 2135 agitatos
670 2050 784 2136 subiit,
808 2048 978 2135 lapidibus
999 2051 1141 2116 obrutus
1161 2043 1203 2133 (si
1222 2059 1287 2108 eum

232 2147 408 2232 lllyustero
429 2150 453 2217 l.
475 2151 499 2218 1.
522 2160 683 2240 ponatur,
711 2151 929 2239 Apostolum,
955 2151 1091 2219 litteras
1119 2150 1163 2216 ed
1191 2141 1287 2214 Golo-

233 2262 287 2320 tas
315 2253 469 2339 dautem,
498 2253 562 2320 hoe
590 2275 712 2322 uomeu
740 2275 843 2321 seusu
870 2251 929 2320 illo
954 2249 1072 2320 latiori
1101 2242 1289 2336 aeeepissell
1338 2265 1339 2344 1

232 2353 369 2421 minime
394 2361 511 2422 tamen
542 2355 595 2422 bis
620 2356 708 2424 loeis
736 2355 972 2442 comparandis
1007 2354 1173 2439 effieitur,
1197 2341 1289 2418 eorda
1338 2389 1339 2442 q

234 2454 434 2526 Paulines
449 2477 551 2548 posse
568 2460 645 2526 πίει·
661 2460 704 2525 de
726 2480 767 2526 eo
796 2457 918 2527 itinere
946 2455 1075 2545 accipi,
1105 2453 1200 2523 euius
1225 2465 1291 2516 nur·
1338 2453 1339 2472 ¹

233 2557 399 2626 rationem
435 2558 551 2628 Lneas
584 2559 677 2632 Am.
713 2583 744 2629 o.
773 2558 836 2628 1³.
867 2557 930 2627 14.
965 2557 1169 2628 exhibuerit
1221 2550 1290 2618 sive

234 2659 323 2728 euim
345 2660 406 2728 sub
428 2660 489 2728 illa
518 2659 684 2758 ἀσθενείᾳ
714 2663 775 2746 τῆς
801 2660 922 2755 σαρκὸς
949 2669 984 2730 et
1011 2657 1188 2751 πειρασμῷ
1210 2655 1241 2723 ἰν
1260 2651 1293 2740 τῇ

233 2765 332 2854 σαρκὶ
359 2763 434 2848 (od
461 2762 598 2851 Gal-l,
615 2763 677 2834 13.
694 2763 770 2854 14.)
802 2765 953 2834 morbum
980 2763 1213 2848 intellexeris,
1237 2773 1292 2844 qno

233 2864 420 2953 Apostolus
440 2874 511 2933 tum
532 2867 695 2955 temporis
722 2865 825 2935 luerit
851 2867 1026 2956 addictus,
1054 2867 1130 2937 sive
1158 2859 1292 2934 vexatio·
1338 2939 1339 2974 1

233 2989 296 3036 ues
318 2975 354 3038 et
373 2968 515 3036 iusidias
542 2968 585 3035 ab
613 2969 822 3038 adversariis
844 2969 876 3039 ei
898 2977 1067 3058 struetas,
1094 2966 1180 3036 nibil
1203 2965 1293 3048 impe·
1338 3027 1339 3052 ,

234 3071 301 3158 dit,
328 3091 395 3160 quo
423 3071 533 3139 minus
559 3071 704 3142 Paulum
737 3071 771 3139 iu
806 3072 864 3140 illo
891 3071 1012 3140 itinere
1046 3093 1111 3159 per
1138 3065 1293 3139 Galatiam
1338 3091 1339 3152 3

233 3171 326 3240 laeto
361 3177 403 3242 de
432 3197 498 3262 quo
524 3172 617 3243 Aea.
641 3171 704 3262 16,
722 3171 761 3242 4.
781 3173 818 3242 d.
837 3173 875 3244 6.
901 3195 1012 3242 sermo
1040 3181 1117 3260 est,
1146 3161 1295 3241 eiusmodi
1338 3157 1339 3222 l

233 3272 325 3340 mala
350 3297 549 3362 perpessum
572 3299 651 3344 esse
680 3277 930 3353 existimemus,
960 3274 1026 3344 etsi
1054 3276 1175 3343 Luras
1195 3273 1293 3358 (quem

233 3373 401 3443 interdum
429 3375 587 3448 brevitati
612 3377 785 3447 studuisse
811 3395 876 3446 uae
902 3381 1016 3446 orm'a
1042 3377 1146 3445 Pauli
1175 3369 1296 3441 fetuel
1338 3407 1339 3422 κ

235 3473 548 3564 laetaexposuisse
570 3482 717 3568 ooustet)
745 3480 833 3550 bane
860 3502 933 3548 rem
959 3479 1096 3547 silentio
1126 3470 1295 3546 transierit·
1338 3503 1339 3558 3

232 3578 286 3646 Ex
318 3579 394 3666 ipso
428 3580 562 3669 quidem
590 3582 754 3651 Actorum
783 3581 952 3654 volumino
979 3578 1061 3670 (16,
1081 3579 1121 3650 6.
1145 3577 1209 3667 18,
1227 3571 1296 3657 63.)
1338 3561 1339 3600 ¹

233 3681 366 3774 despleae
385 3690 515 3751 tautum
536 3684 693 3771 Apostoli
713 3685 780 3754 iter
800 3689 832 3752 iu
855 3683 1026 3752 Galatiam
1057 3683 1190 3752 factum
1216 3679 1297 3744 iuuo-
1338 3675 1339 3706 ¹

234 3787 310 3854 tuit.
359 3785 490 3866 Quodsi
521 3789 567 3855 ad
592 3785 705 3857 loeam
733 3787 955 3873 posteriorem
979 3783 1040 3870 18,
1063 3783 1153 3875 23„
1182 3780 1237 3854 abi
1263 3779 1298 3843 dt
1338 3861 1339 3864 Ἴ

233 3885 342 3958 Paulo
364 3889 429 3958 boo
450 3888 589 3960 dieiturs
618 3887 829 3983 διερχόμενος
847 3887 995 3971 καθεξῆς
1023 3885 1089 3968 τὴν
1118 3876 1298 3962 Γαλατικὴν
1338 3891 1339 3970 j

231 3987 343 4079 χώραν
364 3997 419 4062 καὶ
448 3991 609 4085 Φρυγίαν,
631 3991 916 4083 ἐπιστηρίζων
936 3988 1066 4073 πάντας
1087 3990 1170 4072 τοὺς
1188 3991 1298 4078 μαθη-
1338 4069 1339 4072 ¹

233 4089 311 4172 τὰς,
340 4077 486 4168 animum
514 4098 620 4186 probe
651 4094 913 4184 adverterimus,
941 4095 1043 4165 facile
1077 4089 1299 4180 iutelligimub
1338 4079 1339 4086 ¹

235 4193 396 4283 Galatas,
424 4203 630 4296 priusquam
657 4198 786 4268 Paulus
813 4199 876 4268 doe
906 4200 1037 4272 atero
1063 4195 1238 4266 Galatiam
1269 4191 1298 4254 el

234 4297 613 4387 Pbrygiarnlustraret,
635 4303 679 4372 ad
701 4323 801 4372 saera
820 4299 1015 4369 Gbristiuua
1035 4298 1146 4368 luisse
1169 4309 1299 4366 eonver-
