2710 4954
425 467 737 557 Prolagomana.
1033 461 1113 534 ata

84 638 155 726 11.
179 640 201 710 Ι.
216 639 280 710 ao.
306 663 335 709 o.
352 637 389 728 ⁷,
416 640 449 728 ς.
475 641 507 708 1.
528 639 602 708 ooll.
623 637 645 705 1.
666 633 726 706 19.
752 659 781 706 o.
797 635 833 706 8.
861 638 895 725 1.
910 635 945 706 2.
984 603 1113 724 Ouspio

83 740 178 829 Fain,
196 765 254 832 per
274 744 400 833 aliquot
421 763 526 809 annos
546 763 686 810 munera
705 741 842 827 iuncto,
864 740 1031 808 successit
1051 738 1115 806 Τί.

84 841 177 912 berius
187 847 385 930 Alexander,
407 844 464 935 qui
485 847 626 912 eundem
647 844 756 932 gessit
768 842 975 930 provinciam
990 844 1036 910 ad
1057 861 1116 908 aa·

81 963 142 1011 uun
160 967 260 1037 usquo
280 945 341 1016 48.
361 955 439 1034 post
460 946 497 1014 Ο.
518 946 557 1014 Ν.
599 946 653 1013 Ex
674 967 739 1035 quo
760 951 866 1032 patet,
888 942 1035 1011 atillam
1057 963 1117 1009 an·

80 1065 169 1115 nonae
188 1049 409 1116 calamitatem
432 1049 704 1136 relegationem,
725 1069 826 1136 quarn
847 1045 1003 1131 diximus,
1017 1043 1118 1111 Pauli

80 1155 107 1212 et
119 1149 288 1219 Barnabae
300 1150 390 1218 intra
410 1172 532 1219 annum
544 1148 608 1218 44.
628 1147 786 1238 (veruto.)
807 1156 842 1218 et
854 1146 918 1218 48.
940 1145 1118 1216 accidisse.

79 1247 135 1316 Sel
159 1251 239 1321 bueo
272 1253 462 1320 acouratius
491 1251 693 1320 deliniuntur
720 1249 924 1319 conferendo
950 1249 1119 1318 Actorum

76 1356 170 1438 rupta
190 1355 286 1424 XII.
339 1353 566 1442 Quaecunque
596 1354 683 1422 eninr
713 1352 734 1419 l.
754 1353 777 1420 l.
810 1356 851 1422 de
872 1345 1007 1422 ludubo
1026 1349 1119 1435 Apo·

76 1451 146 1519 stolo
165 1455 257 1524 iussu
280 1455 425 1523 Herodis
445 1455 620 1543 Agrippae
640 1453 841 1544 interfecto,
868 1457 911 1524 de
931 1453 1036 1522 Petro
1057 1471 1119 1538 per

74 1558 195 1626 eundern
215 1560 249 1626 in
271 1556 405 1626 uinenln
426 1558 596 1644 coniecto,
626 1577 689 1645 per
711 1559 861 1624 nuntium
883 1555 1016 1625 Domini
1036 1553 1120 1621 libo·

73 1664 143 1746 rato,
162 1663 205 1728 do
225 1665 384 1730 maome
406 1661 561 1726 Herodis
581 1659 770 1750 Agrippae
784 1659 982 1729 Caesareae
1001 1653 1122 1728 lanista

71 1763 191 1851 ‘almeo
210 1775 323 1832 morto
346 1765 525 1850 baptisato
552 1776 588 1831 et
604 1763 784 1830 (menda
814 1767 1033 1852 enarrantur,
1060 1759 1122 1830 mi·

71 1861 143 1932 uno
170 1867 392 1934 existimanda
425 1872 503 1932 sunt
530 1864 633 1953 (quod
664 1862 778 1953 plures
807 1863 881 1932 intt.
903 1863 1122 1949 contendunt)

71 1966 149 2048 prius
176 1971 359 2052 accidisse,
390 1989 488 2056 qnam
516 1967 645 2036 Paulus
676 1973 712 2034 et
741 1967 919 2034 Barnabas
945 1970 1123 2054 pecuniam

71 2064 232 2139 eolleetain
253 2069 503 2151 Hierosolymus
525 2069 716 2156 deferrent,
743 2072 861 2159 emano,
886 2089 951 2159 quo
970 2080 1125 2157 lampone

66 2287 279 2364 peragentes.
324 2273 459 2342 (lamma
480 2277 600 2362 quippe
623 2271 688 2342 25.
711 2293 784 2362 unp.
805 2273 886 2342 xil.
915 2274 974 2342 ubi
995 2275 1123 2344 Paulus

68 2377 96 2434 el
120 2377 298 2446 ilarnabas
327 2375 567 2458 Hierosolymis
596 2377 755 2463 leguntur
786 2377 1005 2465 discessisse,
1041 2375 1125 2445 nibil

66 2478 184 2545 omnino
199 2480 364 2568 eontinet,
384 2480 471 2568 quod
484 2480 700 2568 interpretem
714 2479 882 2550 coniicere
895 2481 1022 2565 iubeat,
1042 2479 1125 2546 red·

67 2579 136 2644 inira
156 2581 190 2648 b.
212 2582 237 2649 l.
261 2583 482 2650 narrationem
503 2583 677 2668 seripturis
705 2585 749 2652 ad
778 2581 817 2650 0.
837 2581 899 2650 XI.
928 2605 960 2651 u.
975 2577 1041 2649 29.
1059 2578 1124 2648 ao.

66 2677 121 2745 llis
144 2685 281 2752 inrlioiis
308 2683 545 2772 praeeuntibus
574 2684 731 2752 Herodes
751 2685 903 2774 Agrippa
924 2687 958 2751 in
979 2686 1050 2753 rita
1070 2705 1126 2752 su·

66 2793 195 2865 perstes¹
216 2787 283 2856 tuit
311 2786 563 2856 adventantibus
590 2787 697 2855 Paulo
724 2793 759 2854 et
786 2788 944 2854 Bernaba
965 2785 1126 2853 Hieroso-

64 2881 168 2962 limas.
215 2890 324 2958 Cuius
346 2890 501 2977 principis
523 2887 633 2956 obitus
656 2911 755 2978 quum
776 2911 808 2956 a.
830 2887 896 2956 41.
927 2887 1027 2977 paulo
1049 2893 1128 2976 post

64 2982 175 3058 leston
210 2992 375 3080 paschale
415 2991 577 3059 nauiderit
615 2993 781 3078 (testante
816 2990 968 3078 Josepto
1001 2993 1127 3079 uate'qq.

64 3085 165 3160 Jadd.
188 3092 214 3161 l.
237 3089 302 3162 19.
325 3089 405 3160 o.8.
427 3091 463 3182 ἦ.
480 3089 550 3180 1.),
572 3093 741 3184 sequitur,
771 3091 912 3162 Paulum
941 3100 978 3158 et
997 3092 1128 3160 Barna·

64 3185 126 3260 lum
146 3195 322 3264 mensibus
342 3195 455 3283 primia
475 3195 573 3264 huius
590 3197 669 3264 anni
682 3194 747 3264 44.
769 3217 844 3264 eum
867 3192 1037 3262 benefioiis
1060 3193 1129 3261 ool·

62 3287 151 3360 lectis
164 3295 421 3380 Hierosolymas
435 3320 513 3368 esse
529 3297 711 3388 profeotos.
753 3297 828 3366 Etsi
841 3295 1008 3385 enim'illa,
1031 3315 1130 3386 quam

60 3389 228 3490 losepbus
256 3399 342 3468 loeis
371 3423 472 3490 supra
505 3401 617 3472 laudi.
644 3399 829 3490 perbibuit,
850 3401 974 3488 fames
1002 3403 1131 3494 grauia

63 3497 167 3582 (baie
194 3503 321 3589 μέγας]
351 3512 430 3591 post
462 3503 586 3574 obitum
618 3505 747 3574 demum
779 3503 925 3572 llorodis
953 3503 1129 3592 Agrippae

62 3603 247 3694 wtiterit,
269 3603 344 3692 fieri
364 3615 476 3676 temen
497 3606 613 3695 ulique
633 3607 759 3693 potuit,
788 3615 826 3674 ut
853 3605 1130 3676 Palaestinensea

61 3701 123 3769 aa·
141 3719 229 3773 m
250 3721 394 3776 mum
406 3707 553 3776 Herodis
568 3707 728 3776 eiusmodi
749 3711 931 3775 cantatam
939 3705 1133 3794 smmi,

61 3823 141 3890 quae
168 3831 347 3899 pauperes
373 3809 472 3878 valde
499 3810 691 3898 adfligeret,
719 3811 954 3898 experirentur
980 3807 1133 3894 (fuerunt

61 3906 195 4000 quippe,
228 3919 396 3998 regnante
433 3911 590 3992 Claudio,
624 3913 781 3981 assiduae
815 3911 1034 3995 sterilitates,
1066 3905 1131 3974 ofr.

60 4005 194 4080 Qua.
218 4017 293 4080 ar'ta
317 4014 461 4090 Claudii
482 4039 512 4082 o.
539 4013 626 4106 ia).
671 4013 879 4082 Christianus
900 4011 1131 4080 Antioeheuos

59 4112 134 4176 satis
156 4115 380 4202 probabiliter
401 4117 645 4203 existimamus,
668 4118 860 4205 priusquam
888 4115 1061 4184 calamitae
1083 4113 1133 4184 iu·

61 4225 298 4304 praecaneret,
326 4219 432 4287 Paulo
456 4227 490 4287 et
511 4221 672 4290 Bernaba
692 4217 944 4299 Hierosolymaa
964 4216 1133 4285 mittendis

62 4315 214 4390 aurffiom
251 4319 369 4389 tulisse
400 4321 560 4395 fratribus
600 4325 633 4390 in
671 4318 926 4390 sollicitudinem
962 4319 1159 4389 conantia·
