2710 4954
416 463 726 554 Prolegomcna
1031 463 1113 536 317

78 635 147 724 mill,
171 659 261 728 qnam
286 636 350 726 ipsi
381 637 614 717 exhibuissent,
641 638 755 704 altere
778 640 853 706 er'ce
881 638 917 706 ln
945 637 1113 709 Galatiam

79 739 215 824 prolecto.
259 740 415 807 Attamen
436 757 580 825 aemma,
607 737 742 825 opinor,
770 739 1006 826 probabilitate
1033 725 1112 809 con-

76 843 230 924 tendimus,
255 841 445 932 Apamam
472 841 611 907 tactem
637 841 771 908 decimo
791 843 843 908 od
863 841 1029 931 aalma,
1049 867 1114 933 pue

72 953 214 1034 tempore,
238 947 363 1011 macro
385 963 455 1034 per
479 940 659 1010 odacar
680 955 717 1010 et
732 941 1115 1036 Pkrygtamcbrulato,

73 1043 184 1112 Mein
201 1043 331 1138 Ephesi
347 1054 553 1110 ccreorotor
565 1043 677 1126 [Acte
699 1063 727 1110 c.
744 1041 819 1129 19.)
840 1044 886 1112 at
906 1049 1008 1114 ι’πιῖἱο
1027 1049 1112 1114 dade

70 1151 189 1214 meh
207 1171 238 1215 e.
261 1144 320 1214 bl»
340 1167 446 1234 saproc
465 1145 661 1232 dferam
673 1145 890 1215 Pestcceatea
908 1171 941 1215 a.
953 1147 1015 1217 56.
1057 1149 1113 1216 81-

72 1250 196 1334 qnidam,
222 1251 298 1316 dnm
325 1246 412 1312 inter
438 1246 605 1334 Ephesios
632 1249 911 1328 commorabatur,
946 1250 1035 1316 houd
1063 1250 1113 1319 ita

69 1351 167 1434 pecul
188 1374 211 1419 a
231 1348 370 1419 Galatia
387 1356 544 1434 remotus,
563 1352 714 1420 nuntium
736 1358 863 1418 certmn
884 1354 927 1420 de
947 1352 1055 1420 turbis
1076 1354 1112 1421 in

69 1457 150 1520 coctu
175 1451 373 1522 Galatarum
401 1451 526 1518 exortis
553 1451 711 1539 accipere
748 1459 918 1541 totamque
948 1475 1021 1523 rem
1053 1477 1111 1522 ae-

66 1555 196 1624 cnratina
222 1553 429 1638 investigare
456 1543 614 1623 facillime
635 1559 777 1641 poterat.
828 1554 976 1624 Videtur
997 1563 1111 1626 nmen

66 1659 151 1743 (qnod
171 1658 259 1726 scite
281 1653 405 1724 monuit
424 1654 598 1723 Henseri
620 1657 655 1723 in
675 1655 697 1722 l.
716 1655 738 1722 l.
765 1655 832 1723 der
850 1655 996 1743 Aperta!
1010 1657 1110 1725 Pou-

63 1757 106 1822 lro
118 1781 153 1846 p.
166 1759 274 1840 241.)
296 1757 574 1842 contignationem
596 1755 776 1844 epistulae,
802 1757 972 1842 Ephesum
999 1759 1111 1844 profc-

64 1864 139 1943 clns,
164 1861 368 1951 aliquamdiu
393 1859 579 1943 distulisse,
607 1864 715 1926 donec
741 1857 807 1946 ipsi
828 1858 940 1946 palam
960 1860 1112 1928 innotue-

61 1971 118 2040 rat,
143 1963 361 2033 efficientiam
390 1963 563 2029 doctorum
584 1983 745 2029 vanormn
776 1960 1016 2048 perniciosam,
1044 1961 1111 2030 etsi
1156 2001 1158 2012 =

59 2079 153 2150 anper
178 2065 385 2136 sermonibus
411 2065 482 2132 suis
511 2062 654 2132 Galatas
682 2063 825 2130 meliora
850 2064 1037 2146 docuisset,
1062 2065 1112 2131 ita

60 2171 155 2234 lamen
193 2167 402 2248 increvisse,
431 2173 470 2233 ut
499 2185 561 2254 per
593 2163 770 2251 epistolam
804 2166 925 2233 iterum
957 2165 1111 2234 severius

58 2277 158 2338 cuent
178 2269 379 2338 admonerdi
401 2275 500 2358 atque
523 2267 722 2353 corrigendi.
771 2266 980 2336 Sententiam
1001 2270 1111 2355 magis

59 2369 224 2442 delinitam
246 2373 291 2440 dc
317 2379 477 2456 tenpore,
510 2391 574 2460 quo
603 2368 747 2454 epistola
773 2370 877 2438 fuerit
905 2371 1113 2458 consignata,

55 2489 110 2538 non
129 2475 239 2544 ausim
263 2474 485 2560 pronuntiare.
524 2470 651 2557 Ephesi
673 2479 844 2540 exaratam
865 2495 958 2554 esse,
979 2482 1014 2540 et
1035 2471 1112 2541 olim

56 2569 194 2656 pluribus
229 2582 288 2646 est
315 2575 486 2662 probatum
519 2580 681 2654 (testante
709 2575 774 2642 hoc
804 2575 1048 2661 subscriptione
1075 2576 1111 2643 in

53 2673 193 2756 pluribus
219 2669 321 2747 cedd.
341 2675 452 2743 latinis
474 2678 661 2761 expresse),
681 2682 717 2743 ct
738 2675 908 2744 recentius
930 2677 972 2742 ah
995 2677 1110 2744 flacu-

54 2771 141 2844 leinio
168 2779 290 2866 Hegio
318 2778 520 2866 Eichhcrnio
548 2777 762 2846 Bertholdtio
784 2777 926 2872 Wincpo
948 2780 991 2846 de
1011 2778 1111 2846 Wet·

52 2877 89 2942 lio
107 2879 299 2952 flemscnio
322 2879 510 2961 defensum,
533 2902 719 2970 quenquam
740 2901 868 2946 aarum
889 2879 1110 2949 diversimode

53 2979 213 3052 definiunt.
269 2983 368 3058 (leod
386 2969 650 3068 subscriptiones
672 2982 906 3071 plerorumque
929 2983 1024 3049 codd.
1052 2983 1111 3049 ha·

52 3079 129 3166 bant,
150 3085 337 3176 epistolam
350 3085 477 3152 llenrae
499 3091 672 3152 exaratam
694 3107 782 3164 esse,
802 3084 875 3151 sela
895 3083 1010 3150 nititur
1032 3105 1110 3150 con·

50 3183 171 3258 lectura
192 3212 241 3257 ex
265 3211 297 3255 c.
310 3184 346 3254 6.
370 3209 401 3254 r.
421 3187 480 3254 17.
508 3187 676 3274 derivata,
705 3207 801 3275 quem
820 3183 931 3252 locum
953 3185 1046 3268 multi
1069 3189 1110 3255 de

52 3291 243 3373 captivitate
258 3289 355 3357 Pauli
374 3289 524 3357 llonrana
545 3288 756 3374 interpretati
775 3295 861 3354 suut.
903 3286 972 3356 cfr.
993 3287 1111 3356 Bert-

42 3384 159 3472 ,beldt
179 3392 398 3482 manag
418 3403 479 3457 etc.
498 3390 573 3461 Vol.
592 3387 627 3460 6.
648 3411 679 3474 p·
697 3387 813 3457 2⁷71.

118 3495 238 3562 Multo
260 3495 373 3559 aaran
392 3493 551 3578 scriptam
573 3491 679 3558 fuisse
700 3491 875 3576 epistolam
898 3493 942 3560 ad
958 3490 1111 3569 Galatas,

48 3599 293 3664 contenderunt
313 3610 418 3679 nuper·
439 3594 604 3662 duumviri
624 3592 761 3661 eruditis
783 3592 822 3660 F.
844 3592 1003 3661 thlcr
1021 3593 1112 3661 aber

47 3694 95 3760 dia
125 3697 431 3788 Aisoumogrxcc't
459 3696 525 3762 dcc·
562 3693 795 3784 cpistdetclrea
832 3693 1014 3782 Salm'flm
1049 3694 1111 3760 des

46 3793 86 3862 Ν.
100 3799 143 3868 Τ.
164 3823 201 3886 p.
224 3796 315 3865 165.
337 3819 407 3887 sqq.
428 3803 464 3864 et
484 3795 521 3865 6.
543 3798 754 3865 Schrader
774 3797 840 3864 der
860 3795 1003 3887 4001th
1011 3792 1109 3865 Parc·

46 3896 91 3962 lan
113 3901 145 3968 1.
161 3899 233 3969 Th·
253 3921 288 3987 p.
301 3896 389 3967 216.
402 3921 469 3989 sqq.
509 3887 563 3966 E‘x
583 3899 672 3966 illius
695 3899 816 3986 quippe
838 3897 1005 3966 sententia
1021 3919 1108 3963 auno

44 3999 167 4070 demum
190 3997 263 4069 69.
292 3999 419 4086 scripta
446 4005 500 4068 cst
527 4007 604 4089 (quc
631 3999 773 4067 Paulum
803 3999 891 4066 diem
922 4019 1109 4082 supremum

45 4097 162 4170 obiisse
193 4101 388 4182 existimat).
436 4100 527 4168 Huic
558 4122 640 4170 vero
671 4099 772 4188 paulo
805 4106 886 4168 ente
913 4101 1109 4182 martyrium

42 4193 135 4270 Pauli
156 4203 273 4293 (qnod
293 4225 336 4271 ex
357 4202 541 4271 Schradcri
561 4202 808 4288 computatione
829 4202 874 4268 ed
900 4223 931 4268 a.
952 4197 1008 4269 64
1032 4224 1110 4288 per·

45 4297 136 4391 linet)
157 4313 309 4375 exarata
327 4304 469 4375 videtur.
510 4305 681 4388 Attamen,
700 4325 787 4394 queo
803 4309 943 4394 uterque
960 4304 1025 4392 ipsi
1040 4306 1109 4391 cpi·
