2726 4956
214 467 383 558 Epistola
403 469 448 538 od
470 468 626 538 Galatas.
670 468 709 538 G.
731 465 774 536 ΙΙ.
801 467 845 539 V.
861 465 982 538 3-5.
1069 467 1149 544 3θό

67 646 174 723 Paud,
207 643 333 706 Forulos
346 644 580 722 -christianus,
615 645 825 721 Hierosolymis
860 645 1031 707 circumcidi
1061 661 1152 708 coso-

66 757 118 809 as
141 754 197 807 ost
315 739 318 746 '
431 755 436 767 ’

157 843 202 915 V.
226 842 262 911 3.
284 843 323 911 4.
346 841 384 913 5.
429 839 531 912 ’Ait'
553 839 631 913 οὐδὲ
663 841 763 927 Τίτος
786 841 806 915 d
829 841 895 914 σὺν
916 842 1009 933 ἐμοί,
1028 837 1153 929 ’Ἕλλην

112 943 185 1034 ὤν,
219 942 424 1034 ἠναγκάσθη
458 949 733 1036 περιτμηθῆναι,
764 953 817 1030 (ν.
835 945 886 1032 ’4)
917 943 974 1016 ’διὰ
1008 949 1044 1016 δὲ
1072 945 1154 1028 τοὺς

113 1051 359 1140 παρεισάκτους
387 1053 655 1143 ψευδαδέλφους,
684 1047 806 1130 οἵτινες
832 1052 1067 1140 παρεισῆλθον
1093 1077 1153 1118 κα-

114 1155 327 1231 τασκοπῆσαι
354 1150 418 1231 τὴν
438 1149 670 1243 ttsodspteo‘
652 1156 763 1242 ημῶν,
791 1146 833 1236 ἦν
864 1151 980 1242 ἔχομεν
1008 1151 1152 1247 ἰ-νΧρι

112 1257 184 1348 ort?
203 1251 346 1380 ,(Ἷηροῦι
375 1254 433 1325 ἰ’να
461 1254 551 1344 ἡμᾶς
583 1251 918 1326 καταδουλώσουσιν
946 1263 996 1338 (ν.
1016 1257 1071 1340 ὅ.)
1102 1249 1153 1338 οἷς

112 1325 207 1428 ovdi
211 1357 292 1450 αρός
318 1353 410 1452 ὥραν
440 1361 569 1450 ειξαμεν
596 1364 639 1458 τῇ
668 1353 836 1482 υποταγῇ,
863 1355 923 1428 ι’να
949 1354 972 1442 ἡ
1002 1353 1154 1441 ἀλήθεια

111 1463 176 1530 τοῦ
197 1457 384 1548 τυαγγελίου
404 1465 554 1558 διαιττὶνη
575 1463 714 1555 πρὸςνρ
689 1459 778 1550 ‘pedu

159 1569 255 1630 118.
293 1565 392 1631 ’'Att
424 1565 515 1634 ουδὲ
535 1587 706 1630 sermonem
716 1571 802 1629 Pauli
822 1568 880 1629 inco
901 1569 986 1628 modo
1007 1569 1153 1629 continuat

68 1673 101 1728 et
121 1677 229 1746 augei:
256 1673 311 1731 sed
338 1676 444 1732 tantum
472 1677 588 1750 aberat,
614 1677 647 1731 ut
672 1657 728 1750 ilii,
755 1655 857 1746 quibos
885 1685 980 1729 meam
1005 1659 1153 1747 evangelii

65 1773 315 1846 praedicationem
341 1775 440 1833 adhuc
460 1781 628 1848 usurpatam
649 1775 786 1851 exposui,
812 1786 859 1833 me
886 1775 1018 1833 docendo
1044 1791 1063 1832 a
1088 1779 1153 1832 tra-

66 1877 141 1934 mite
169 1877 251 1934 recto
277 1875 439 1935 declinasse
467 1879 611 1954 dicerent,
640 1883 671 1936 ut
703 1893 741 1933 ne
770 1875 854 1934 'litus
881 1873 1012 1950 quidem,
1038 1876 1153 1934 natione

66 1975 205 2054 gentiiis,
228 1977 275 2050 qui
295 1994 409 2036 mecum
429 1979 458 2036 in
481 1990 571 2037 causa
596 1977 741 2055 evangelii
761 1977 971 2051 Hierosolymis
997 1977 1072 2036 inter
1092 1977 1152 2036 Ju-

66 2081 162 2136 dacos
185 2083 214 2136 et
234 2079 560 2140 dudeco-Christianos
579 2087 757 2156 versaretur,
777 2081 838 2139 uilo
858 2063 1063 2154 ¹Apostolorum
1083 2095 1153 2138 ser-

65 2195 157 2238 mone
177 2159 228 2237 am
248 2183 380 2240 mandato
401 2183 438 2241 ad
460 2173 708 2242 circumcisionem
737 2183 915 2259 adigeretur.
953 2174 1153 2260 'Amyncl-

67 2263 223 2355 ζτσθαι
253 2282 331 2340 haud
361 2299 428 2342 raro
455 2286 531 2348 dica.
561 2285 609 2360 qni
634 2285 684 2343 vel
710 2287 909 2345 comminando
939 2285 989 2341 vel
1022 2283 1153 2358 graviter

65 2383 266 2460 cohortando,
279 2383 364 2444 enixe
383 2367 529 2464 rogando,
544 2387 731 2461 impelluntur
751 2391 781 2446 et
802 2369 1026 2461 [lermoveniun
1042 2387 1073 2443 ut
1094 2385 1152 2442 ali-

69 2487 143 2559 quid
163 2487 273 2543 iaciant
292 2493 341 2545 aut
361 2487 424 2546 iieri
444 2492 596 2563 patiantur,
617 2493 672 2547 cir.
696 2507 740 2562 ep.
762 2495 860 2548 nostra
878 2489 909 2566 8,
928 2475 987 2546 tt?
999 2490 1047 2547 Π.
1064 2489 1151 2546 Gerr.

70 2587 130 2664 12,
145 2587 193 2646 11.
222 2590 475 2668 Μ8118.14,28.
507 2569 723 2670 Heredium,
737 2594 771 2670 9,
785 2593 817 2652 8.
840 2591 880 2650 οἱ.
915 2583 1017 2650 ¹Verbi
1043 2605 1153 2666 πυρι-

69 2684 298 2768 adprendas
328 2689 358 2750 in
381 2693 420 2753 N.
442 2693 477 2751 F.
499 2693 666 2766 frequenter
687 2693 764 2751 obvii
791 2707 847 2751 neo
874 2693 1004 2766 profanis
1031 2693 1153 2752 inauditi

68 2789 512 2875 (1τιιορ1ιίρνιηι.6,4,.8
555 2795 645 2854 Diod
666 2798 728 2854 Sic.
744 2793 866 2874 1,.18]
893 2801 1020 2867 potestas
1039 2797 1154 2853 iudaice

66 2893 141 2948 satis
165 2889 284 2968 cognita
305 2909 342 2952 ex
362 2877 428 2955 loco
449 2895 574 2954 classico
603 2896 780 2978 (teneare,
795 2897 846 2988 18.
861 2912 924 2973 sqq.
945 2894 1045 2986 LXX.
1090 2897 1154 2965 Quo

66 2993 135 3052 iure
158 2993 398 3066 explicuerimus.
426 2997 596 3056 circumcidi
617 3014 673 3056 non
701 3001 820 3058 coactus
848 3003 893 3056 est
918 2981 972 3073 per
998 2997 1153 3074 apostolos,

66 3111 165 3153 nexus
194 3097 279 3154 docet
310 3097 397 3156 huius
427 3101 576 3158 commatis
603 3115 669 3157 cum
696 3101 833 3158 secundo.
881 3099 915 3158 id
941 3100 1017 3158 enim
1044 3099 1153 3158 nauus

68 3197 198 3255 mxime
218 3201 455 3274 comprobaturus
480 3203 552 3277 tuit,
577 3201 722 3274 apostolos
748 3203 918 3260 documento
932 3181 1048 3278 ⁸insigni
1068 3217 1152 3259 suum

69 3313 134 3357 mm
158 3297 252 3373 ipsius
271 3301 401 3362 doctriua
422 3320 596 3362 consensum
614 3301 789 3362 declarasse.
831 3305 1062 3384 iuterpretatipni
1074 3305 1152 3362 alio-

65 3417 150 3458 rum:
172 3417 230 3460 non
250 3405 385 3481 permisi,
404 3409 437 3463 ut
457 3407 540 3464 'iiius
562 3405 834 3481 circumcideretur,
856 3407 910 3463 etei
931 3405 988 3464 iroc
1009 3413 1149 3483 urgerent

65 3503 198 3562 nonnulli
218 3505 268 3577 uni
287 3504 318 3563 in
340 3513 424 3565 coctu
444 3509 589 3569 fflerusol.
612 3511 709 3566 essent
734 3506 1037 3568 dudeco-Christiani
1060 3527 1151 3568 seve·

67 3607 181 3681 riores,
216 3609 453 3678 opportunitatem
482 3611 560 3668 dcdit
588 3607 752 3668 obsecratio
778 3609 876 3686 Pauli,
908 3627 982 3686 quae
1014 3613 1153 3686 sequitur,

67 3707 266 3766 diversimode
286 3708 432 3767 intellecta
453 3729 482 3769 v.
495 3710 526 3769 d.
540 3709 571 3770 a.
600 3709 620 3770 d
627 3704 668 3770 td
693 3705 732 3773 dd
752 3705 845 3780 τους
866 3717 922 3771 etc.
952 3711 1019 3790 (ubi
1039 3729 1151 3771 secun·-

68 3811 137 3867 dum
160 3807 313 3884 vulgarem
334 3809 506 3884 interponet.
529 3827 602 3886 qnae
628 3829 657 3871 ν.
676 3811 707 3869 o.
736 3819 859 3873 exeunte
879 3815 965 3887 piene
992 3813 1153 3890 distinguit,

68 3912 227 3970 enuntiatio
253 3911 354 3985 incipit
385 3915 489 3992 nova).
537 3917 583 3972 lie
613 3914 826 3970 constructione
853 3915 940 3972 totius
966 3912 1043 3971 eiiotl
1070 3919 1152 3973 recle

70 4007 251 4086 expedienda
282 4014 387 4092 ingens
415 4019 459 4073 est
488 4016 673 4088 interpretum
701 4013 859 4073 dissensio.
906 4015 1082 4090 Videamus,
1113 4034 1151 4075 an

69 4119 167 4172 textus
188 4119 324 4188 receptus
344 4117 512 4175 senientiam
533 4118 666 4175 exhibeat
687 4117 872 4174 commodam.
922 4115 1005 4184 Quod
1026 4117 1149 4190 primum

70 4215 187 4292 ringula
207 4217 322 4295 attinet,
349 4213 626 4298 ψιυδιῖδελφοι
654 4219 775 4296 (vocab.
803 4217 991 4290 compositum
1019 4221 1148 4278 eiusdem

74 4317 201 4396 generis,
221 4320 305 4380 ouius
325 4323 391 4380 suni
412 4315 701 4403 ψευδοπροφῆται,
731 4313 993 4401 ψευδαπόστολος
1020 4321 1096 4400 eto.)
1118 4329 1147 4380 et
