2704 4954
230 425 386 515 Epistola
407 427 451 494 sd
473 425 629 494 Galatas.
659 427 697 496 0.
720 423 780 496 vl.
811 425 852 495 v.
871 423 942 496 6-
957 427 1018 495 tt).
1085 423 1166 496 597

88 604 162 680 dan,
183 607 212 662 et
232 601 269 662 de
289 619 401 662 summa
421 603 508 662 animi
530 601 752 678 depravatione,
775 605 997 682 colosum.
1023 605 1071 663 ll.
1083 603 1168 664 Petri

92 707 127 783 1,
140 707 174 764 4.
186 710 222 785 2,
235 708 287 767 12.
302 710 354 766 19.
384 708 472 766 Pluto
492 707 606 781 republ.
634 706 697 763 to.
720 722 745 764 c.
762 706 792 763 6.
815 707 856 764 io.
882 721 915 782 p.
929 707 1011 765 264.
1033 708 1079 765 ed
1100 703 1166 764 Ast.

88 809 158 867 lltsl
178 809 365 868 lidekerto
391 810 521 868 lubenter
545 807 719 884 largiamur,
747 823 805 866 non
831 823 951 883 prorsus
978 821 1169 880 synonymum

88 926 159 968 esec
180 912 313 970 vocabuli
334 905 480 971 ducilem
504 908 597 985 (quod
619 909 687 968 alibi
714 909 744 968 in
772 911 912 968 eiusmodi
939 909 1170 968 comminationi-

88 1013 147 1069 bus
166 1013 228 1089 leg.
248 1029 276 1070 v.
299 1029 327 1075 c.
358 1015 486 1088 Philipp.
499 1015 533 1092 3,
551 1011 624 1088 19.)
644 1011 798 1070 admodum
824 1013 902 1070 sacili
928 1016 1023 1070 tamen
1049 1011 1169 1088 cogita-

86 1114 199 1172 tionum
225 1115 303 1173 serie
332 1115 507 1186 corruptioni
528 1114 688 1172 adnectitur
709 1114 835 1190 numeria,
861 1117 917 1172 cir.
938 1113 1103 1191 manas,
1116 1113 1169 1171 21·

87 1215 143 1272 ubi
163 1209 279 1294 φθορά
303 1217 439 1278 universe
461 1215 650 1274 conditionem
677 1216 767 1274 innuit
794 1216 930 1292 fragilem
956 1220 986 1274 et
1011 1229 1169 1274 aerumno-

85 1333 162 1376 sam.
203 1317 357 1376 Miserlam
383 1323 448 1391 post
475 1321 595 1378 mortem
622 1319 750 1376 suturam
776 1317 827 1392 ils,
855 1317 903 1392 qni
927 1333 1020 1391 prave
1046 1316 1172 1393 egerint,

88 1417 261 1478 destinatam
285 1420 370 1496 (alibi
392 1415 555 1494 θάνατος,
586 1437 616 1478 v.
638 1436 664 1478 c.
690 1420 917 1500 Romm7,5.)
944 1419 974 1477 lc
999 1419 1020 1476 l.
1046 1418 1171 1495 intelligi

85 1521 169 1578 iubet
190 1523 349 1594 oppositum
372 1515 448 1597 ζωὴ
477 1515 654 1590 αἰώνιος.
698 1523 840 1595 Causam,
867 1537 956 1596 qnare
977 1523 1082 1595 Apost
1103 1535 1170 1578 ma-

88 1621 175 1680 luerit
198 1615 338 1700 φθορᾶν
360 1623 506 1698 scribere,
537 1639 622 1696 qrram
647 1617 831 1698 daniticos,
860 1623 1055 1682 innotuisse
1080 1625 1171 1694 pute-

88 1740 170 1790 mus,
197 1725 273 1798 quod
298 1725 382 1782 simul
409 1725 448 1783 ad
472 1725 711 1802 significationem
742 1725 876 1784 vocabuit
905 1717 987 1804 σᾶρξ
1011 1725 1171 1800 proprium

89 1825 269 1902 respiceret,
299 1829 384 1898 atque
406 1826 444 1883 do
472 1833 550 1885 sorte
577 1827 867 1904 commendabili,
897 1827 1080 1898 corruptione
1113 1840 1171 1898 qua
1269 1855 1273 1868 ·

89 1928 119 1986 ln
134 1927 314 2000 putredinem
335 1928 408 2004 abit,
435 1929 579 2004 cogitaret
600 1928 667 2005 (qni
696 1929 805 1988 severit
825 1929 855 1989 in
875 1943 979 2004 earne,
1006 1943 1042 1986 es
1067 1925 1170 2000 percl-

88 2030 151 2104 piet
184 2046 259 2104 quae
293 2029 375 2088 cami
402 2030 579 2104 corruptioni
610 2031 751 2090 obnoxiae
784 2029 985 2108 conveniant).
1034 2028 1171 2087 Ceterum

88 2133 179 2192 nolim
207 2147 273 2191 cum
301 2132 444 2190 nonnullis
477 2133 668 2209 contendere,
694 2133 865 2207 Apostolum
897 2133 926 2190 lr.
952 2132 973 2190 l.
999 2128 1171 2204 praesertim

88 2237 225 2294 doctores
246 2249 338 2292 vanos
359 2238 425 2291 unte
446 2233 547 2292 oculos
568 2235 719 2312 haiumse,
740 2237 789 2310 qul
810 2233 1058 2294 circumcisionem
1079 2229 1171 2290 clm-

88 2335 193 2396 stianls
221 2335 465 2394 commendarent.
516 2337 705 2396 Comminatio
731 2337 908 2415 enuntiatur,
934 2352 1010 2412 quae
1034 2333 1172 2392 universe

92 2439 187 2496 valeat
216 2439 290 2516 (cfr.
311 2438 358 2514 V,
379 2437 430 2494 iil.
451 2439 530 2516 sqq.)
560 2439 597 2496 ad
625 2437 803 2498 Christianos
827 2439 1043 2512 imbecilliores,
1070 2435 1171 2509 quales

93 2539 126 2596 in
147 2539 258 2598 Galatia
277 2539 386 2612 pariter
407 2543 492 2612 atque
515 2539 545 2598 ln
570 2539 635 2600 aliis
657 2541 786 2600 coetibus
812 2539 944 2613 inerunt,
971 2555 991 2597 a
1016 2537 1170 2595 vitiositate

90 2641 222 2718 graviter
244 2642 441 2702 deterrendos.
488 2641 589 2720 [Quod
609 2643 639 2700 in
660 2643 744 2701 codd.
767 2643 895 2702 Clureaa.
913 2643 1072 2716 Senecam.
1086 2637 1166 2714 Διῳ.

89 2746 236 2804 Boemer.
258 2743 288 2802 ln
313 2759 408 2802 verse
437 2743 577 2820 Aetdiop.
603 2748 633 2803 et
656 2746 697 2803 Il.
721 2743 847 2818 itemque
873 2743 952 2817 apud
981 2741 1168 2812 chrysost.

90 2851 123 2906 et
144 2844 326 2905 'lirsodoc
347 2850 414 2920 post
434 2849 491 2916 τῆς
512 2839 637 2926 occario
656 2846 772 2904 additur
792 2839 935 2920 αὐτοῦ,
961 2843 1089 2917 sneclem
1109 2841 1168 2900 lra-

87 2949 140 3006 bet
160 2948 345 3024 glossematis
366 2963 403 3006 ex
423 2949 574 3006 antecedd.
595 2948 746 3026 protecti]
790 2945 978 3020 opponuntur
1002 2944 1090 3002 naec:
1116 2945 1169 3020 qui

86 3065 165 3109 uero
184 3051 218 3108 io
238 3051 349 3126 spiritu
369 3053 477 3111 coemit
507 3049 558 3127 (se
582 3053 672 3108 totum
699 3047 841 3107 addixerit
864 3052 984 3106 naturae
1013 3047 1170 3120 praestsn-

88 3153 159 3210 tiori
182 3167 237 3224 per
265 3152 401 3225 Splrltnm
428 3152 486 3210 div.
512 3151 669 3229 animatae,
695 3151 828 3209 adlectus
854 3150 982 3208 nutriens
1007 3147 1171 3220 nobiliores,

88 3253 189 3330 pietati
203 3253 309 3314 Christ.
331 3257 389 3312 toto
410 3254 504 3312 animo
526 3253 657 3332 deditus]
679 3269 721 3313 eo>
741 3256 852 3328 spiritu
871 3257 960 3311 metet
980 3252 1073 3310 υἱέα»
1093 3251 1168 3310 deu-

90 3363 157 3416 iam
177 3363 340 3416 aetenam
383 3355 451 3416 Non
472 3359 530 3432 est,
556 3356 631 3430 quod
649 3356 747 3414 rusius
767 3356 1011 3428 demonstremus,
1030 3351 1170 3408 misian-

88 3459 183 3516 tivum
206 3449 282 3534 ζωὴ
304 3458 384 3516 hand
405 3474 490 3532 raro,
516 3458 683 3534 praesertim
702 3457 733 3516 in
755 3455 878 3514 formula
899 3448 961 3534 ζωὴ
984 3447 1118 3516 αἰώνιος
1139 3453 1169 3510 ln

90 3561 255 3638 evangeliis
282 3559 517 3637 (marineio.)
549 3563 578 3617 et
604 3559 732 3632 epistolis
762 3557 889 3616 Paulinis
915 3561 1002 3636 atque
1030 3553 1170 3614 Joannels

91 3666 262 3736 irequemer
293 3663 379 3720 obvia
399 3661 561 3735 emphatice
581 3661 640 3718 dici
660 3661 697 3719 de
718 3661 778 3718 vita
799 3663 885 3720 beatu
908 3659 963 3734 [de
989 3671 1056 3715 voo.
1086 3648 1169 3713 ciris

92 3765 144 3822 vd.
164 3765 202 3822 ad
223 3766 249 3839 1,
270 3761 300 3821 l.
321 3762 380 3840 5.).
429 3764 494 3831 Qua
514 3765 551 3820 de
572 3777 663 3820 causa
683 3777 782 3822 eorum
804 3761 865 3820 lntt
885 3759 1043 3818 sententiae
1064 3757 1168 3814 cslcu-

90 3866 154 3926 ium
174 3879 232 3923 non
252 3866 407 3941 addamus,
429 3866 476 3940 qui
497 3857 535 3924 w*
559 3860 697 3940 σπείρειν
719 3861 761 3930 εἲς
782 3857 840 3938 τὴν
866 3856 977 3941 σάρκα
997 3875 1086 3918 sensu
1106 3875 1166 3916 an-

92 3966 218 4044 gustiori
240 3969 278 4025 do
298 3983 353 4025 nso
373 3982 512 4040 perverso
532 3967 686 4040 pecuniae,
715 3983 765 4024 oa.
787 3960 831 4030 εἷς
851 3955 886 4022 τὰ
911 3981 964 4021 nr.
990 3963 1028 4020 de
1048 3977 1104 4019 usn
1124 3961 1168 4018 rei

93 4069 244 4128 iamidsris
264 4069 400 4145 honesto,
421 4085 451 4126 v.
472 4083 498 4126 o.
519 4069 556 4125 ad
577 4067 776 4126 liberalitatem
797 4079 871 4143 erge
897 4065 1031 4122 doctores
1057 4075 1167 4138 evang.

93 4171 303 4246 exercendam,
322 4170 499 4243 interpretati
519 4173 588 4228 sunt
614 4169 681 4246 (vd.
707 4169 832 4227 Morus
859 4169 986 4227 dealt.
1013 4165 1110 4225 ticoli.
1138 4169 1168 4222 el

91 4275 207 4350 pltilold
227 4291 259 4349 p.
279 4275 351 4333 loo.
372 4273 471 4354 sqq),
492 4285 529 4330 ex
546 4271 584 4330 iis
604 4276 699 4349 patet,
718 4285 793 4347 qnae
813 4269 850 4328 de
874 4285 905 4326 v.
925 4267 955 4326 o.
976 4269 1057 4326 recte
1076 4265 1165 4324 intel-
