2802 4956
278 413 334 490 28
652 417 960 507 Prolegomeua.

277 610 425 684 excursu
444 611 478 678 p.
494 585 583 658 1811.
595 591 695 680 squ),
715 597 754 657 nt
774 612 817 657 ex
838 588 1002 658 eiusmodi
1018 587 1132 659 verbis
1151 587 1355 678 explicatio-

276 713 355 761 nem
377 692 547 761 diversam
568 692 822 760 admittentibus
843 692 969 760 indicia
989 693 1169 780 temporis,
1191 715 1256 782 quo
1279 693 1355 778 epi-
1378 689 1379 734 1

279 792 369 862 stola
390 794 591 880 consignata
612 795 732 880 tuerit,
757 817 876 881 parum
906 801 1003 862 oerta
1024 803 1196 863 eruantur.
1242 794 1355 862 Immo

280 901 324 967 de
345 898 419 986 ipso
440 897 595 966 Danielis
615 895 692 964 loco
713 895 805 964 laud.
832 896 1013 982 ambigitur
1033 896 1123 962 inter
1143 895 1236 964 viros
1265 899 1356 964 sori-

277 1008 401 1090 ptnrae
429 1021 551 1066 sacrae
578 997 724 1086 peritos,
753 1006 865 1066 utrum
898 1019 1039 1086 regnum
1067 997 1275 1084 Romanum,
1305 1023 1355 1066 an

278 1101 537 1172 Macedonicum
563 1097 732 1168 innuatur.
782 1100 934 1186 Deinde,
960 1099 991 1166 si
1016 1096 1144 1167 Paulus
1171 1108 1354 1189 utramque

278 1202 457 1296 epistolam
478 1213 560 1295 port
584 1201 816 1288 captivitatem
847 1201 1036 1268 Romanam
1063 1199 1245 1288 scripsisse
1278 1202 1379 1268 661-

274 1307 450 1392 stimetnr,
471 1301 615 1388 intelligi
636 1301 694 1370 vix
714 1303 858 1389 poterit,
885 1303 1049 1392 quomodo
1069 1302 1198 1370 facturn
1220 1303 1282 1389 sit,
1312 1313 1353 1371 ut
1378 1343 1379 1350 ι

159 1473 164 1482 ,
223 1453 227 1462 ,
273 1427 385 1496 neque
406 1405 625 1493 captivitatis,
646 1427 711 1474 neo
731 1403 899 1472 libertatis
921 1405 1123 1492 impetratae
1144 1404 1353 1472 mentionem
1378 1411 1379 1476 ζ

272 1508 379 1578 ullam
399 1507 565 1576 iniiceret.
609 1505 776 1596 Denique,
797 1509 885 1595 quod
900 1505 1092 1574 Koehlerus
1112 1505 1288 1594 epistolam
1300 1507 1351 1574 ll.

146 1623 151 1630 '
272 1612 318 1678 ad
339 1631 461 1679 annum
484 1607 539 1677 68
559 1607 683 1694 refert,
703 1631 844 1696 prorsus
866 1608 1072 1678 contradicit
1090 1609 1279 1679 sententiae
1301 1610 1350 1675 iis
1378 1611 1379 1658 1

276 1712 379 1782 etiam
400 1710 584 1801 probatae,
611 1711 668 1800 qui
699 1709 930 1798 captivitatem
952 1710 1050 1780 Pauli
1071 1712 1259 1780 Romanam
1284 1713 1379 1784 du·

271 1814 396 1906 plioem
419 1813 647 1900 distinguunt,
668 1833 736 1879 neo
756 1811 957 1880 testimoniis
979 1812 1179 1900 destitutae,
1200 1813 1349 1904 Aposto-
1378 1797 1379 1888 1

271 1915 396 1984 lunia.
418 1912 485 1981 67.
507 1921 604 1982 certe
626 1911 693 1981 68.
715 1913 913 1995 martyrium
936 1914 1093 1982 subiisse.
1137 1913 1379 1982 66611666-

271 2018 365 2090 lerns
387 2015 520 2082 omnino
542 2036 609 2082 nou
630 2014 818 2104 acquiescit
838 2013 873 2080 in
907 2015 1031 2102 duplici
1059 2015 1119 2082 illa
1146 2015 1379 2103 captivitate

272 2117 374 2186 Pauli
395 2116 561 2186 Romana.
605 2115 743 2188 Certum
767 2116 955 2200 existimat,
976 2115 1175 2202 Apostolum
1196 2131 1252 2188 ter
1272 2119 1348 2186 vin·
1378 2177 1379 2192 2

272 2219 352 2290 cula
378 2219 580 2287 sustinuisse
614 2217 787 2304 Romus,
820 2229 876 2286 tor
908 2216 1086 2284 liberatum
1115 2240 1212 2306 esse,
1243 2219 1348 2287 immo
1378 2225 1379 2248 ;

273 2329 429 2412 quartam
451 2319 588 2390 coniicit
609 2320 840 2408 oaptrvrtatem
850 2317 948 2386 Rom
970 2319 1139 2388 accidisse
1160 2321 1223 2386 sub
1243 2321 1346 2390 linem

270 2425 364 2494 vitae
385 2421 558 2510 Apostoli,
585 2443 619 2509 p.
637 2419 726 2489 151.
745 2419 835 2488 163.
878 2421 1040 2489 Attamen
1066 2443 1132 2489 non
1159 2423 1256 2493 buius
1287 2436 1346 2493 661

270 2524 338 2596 1661
360 2547 402 2596 ac
423 2524 602 2611 temporis,
627 2523 718 2592 hanc
741 2543 883 2610 prorsus
903 2543 1024 2592 novam
1048 2521 1193 2592 fatorum
1216 2531 1251 2592 et
1271 2527 1379 2612 epi

270 2626 434 2696 stolarum
454 2623 554 2694 Pauli
583 2624 777 2712 historiam,
803 2645 870 2691 non
897 2623 972 2691 sine
999 2624 1105 2691 multa
1132 2626 1265 2714 quidem
1292 2627 1379 2694 le

270 2728 400 2814 ctione,
422 2734 458 2795 et
478 2726 729 2814 assiduitate,'
718 2724 845 2814 ingenii
868 2721 1022 2793 acumine
1044 2727 1240 2814 adiurante,
1261 2751 1345 2796 con·
1378 2775 1379 2812 ξ

268 2837 411 2915 textam,
433 2831 495 2896 sod
517 2829 629 2905 multis
650 2830 754 2897 etiam
777 2826 982 2895 coniecturis
1004 2835 1040 2896 et
1058 2828 1346 2918 interpretationi·
1378 2849 1379 2886 1

269 2931 333 3000 bns
355 2930 563 3018 singolorum
583 2927 735 3004 locorum
749 2928 939 3000 arbitrariis
957 2938 1238 3020 superstructum,
1259 2953 1345 3002 exa·

269 3033 351 3108 mini
373 3033 551 3106 subiicere.

754 3200 858 3292 aa

352 3337 408 3406 De
427 3325 608 3407 moderata
623 3336 789 3456 epistolae
804 3340 942 3428 pmbrsi
962 3358 1129 3427 nunqnam
1152 3339 1379 3412 dubitatum

268 3445 334 3510 est.
378 3439 607 3528 Quaecunque
629 3439 717 3506 enim
747 3439 800 3505 his
821 3438 945 3508 litteris
967 3441 1198 3530 eontinentur,
1225 3444 1301 3510 et
1289 3468 1346 3512 m-

268 3541 368 3630 genio
396 3540 496 3608 Pauli
524 3541 659 3610 aliunde
688 3540 843 3628 cognito,
876 3549 912 3611 ot
943 3541 1145 3610 testimoniis
1172 3501 1379 3626 'Actorumi

268 3643 357 3731 App.
380 3641 519 3709 adfata
537 3642 695 3730 Apostoli
718 3643 859 3732 eiusque
887 3665 945 3710 res
966 3653 1084 3730 gestas
1106 3631 1379 3746 spectantibnsl

267 3765 409 3838 prorsus
430 3745 643 3818 conveniunt.
686 3744 749 3831 Et,
771 3766 959 3833 quanquam
980 3745 1158 3838 vestigia
1147 3746 1245 3815 huius
1267 3751 1379 3837 epi-t

269 3847 397 3934 stolae,
426 3867 514 3936 quae
540 3846 657 3935 plnres
685 3848 774 3935 apud
798 3845 1001 3914 wemmam
1021 3847 1216 3916 Romanor»
1236 3871 1292 3938 ep.
1312 3853 1343 3920 l.

267 3951 314 4016 ad
335 3948 485 4018 Corinth.
514 3971 545 4016 6.
566 3946 630 4016 38.
673 3949 855 4041 Ignotum
883 3951 927 4015 ad
948 3947 1128 4037 Polycarp.
1151 3973 1181 4018 6.
1201 3951 1230 4017 l.
1265 3951 1379 4022 Ρ6-
1378 4015 1379 4032 ,

267 4052 449 4142 1566666666
470 4051 515 4117 ad
535 4048 681 4138 Philipp.
704 4073 735 4120 c.
750 4048 786 4117 2.
809 4073 840 4118 6.
853 4048 892 4117 4.
915 4049 1179 4137 deprehendisse
1201 4051 1265 4118 sibi
1288 4056 1343 4122 vi.

267 4154 405 4238 dentur,
436 4152 596 4240 ambigua
629 4151 791 4232 dixerim,
820 4151 1014 4220 testimonia
1045 4161 1159 4222 tamen
1193 4153 1341 4240 originis
1378 4147 1379 4230 ξ

264 4253 341 4328 eius
367 4251 531 4324 Paulinus
558 4252 828 4326 luculentissima
855 4253 1079 4326 exhibuerunt
1106 4257 1159 4344 (nt
1185 4257 1340 4327 seriores
