2772 4962
210 370 308 460 Epist.
322 368 369 438 ll.
391 370 436 436 ari
457 368 630 438 Thessali.
659 371 698 440 0.
720 368 766 438 ll.
794 367 838 438 V.
862 367 898 436 tl.
918 368 957 438 4.
1038 367 1119 442 21⁷

101 547 223 621 peada
244 548 423 623 &pistorem
450 544 481 610 iu
506 551 601 607 mente
625 544 779 622 hahuisse,
807 560 891 620 quara
916 543 1121 626 ranimiri.

106 649 230 706 admirare
244 649 373 722 noluerit.
406 648 468 708 Sed
486 663 546 707 una
557 649 723 722 eademque
741 653 861 722 apparet
879 649 1029 709 meeum
1048 649 1122 709 ιω·-

105 751 220 828 rerrr,ln
248 765 304 824 qus
328 749 473 824 Propheta
502 753 532 806 et
557 749 714 824 Apostolus
738 750 927 816 consociante
957 749 1123 822 priusquam
1154 740 1158 754 '

104 849 192 908 limina
208 851 339 926 prodibit,
365 855 465 909 auctor
485 850 585 908 salutis
613 849 706 908 omnia
732 851 948 926 emendaturus,
972 851 1124 926 augustiae

100 951 216 1023 teporem
234 953 369 1028 oriemur,
388 954 536 1026 peecatum
555 951 751 1028 ingravescet,
770 951 900 1025 impietas
920 967 1031 1010 summ
1050 967 1125 1028 erga

99 1051 165 1110 hen
178 1053 229 1112 rin
246 1070 330 1114 auam
349 1050 620 1132 perniciosissimam
641 1037 765 1114 exseret
806 1053 946 1141 hicesius
964 1052 1039 1112 haee
1058 1069 1124 1114 om·

99 1151 203 1226 n'npnr
220 1160 348 1214 uoshum
373 1157 411 1214 ad
437 1155 598 1231 dodonem,
622 1170 705 1230 quam
732 1155 848 1229 dieunt,
874 1155 1046 1214 abstractam
1070 1169 1125 1214 re-

98 1253 162 1328 terre,
181 1255 294 1328 posthac
315 1257 485 1318 ridebimus.
525 1259 644 1316 l’rueter
670 1257 754 1314 eiiata
772 1255 900 1316 Danielis
926 1271 992 1314 eum
1018 1257 1124 1316 vatici-

96 1355 176 1412 mtioae
192 1357 308 1416 Paulina
333 1359 460 1418 couterri
485 1357 577 1418 solent
600 1357 666 1416 loca
690 1339 929 1436 Aioemppreos,
956 1359 1123 1432 praesertim

96 1451 146 1512 ris'o
166 1457 411 1520 a1³.exhihita.
451 1460 613 1534 Monstrum
639 1462 780 1534 potestate
805 1461 929 1518 emanso
954 1443 1124 1518 instructum

96 1553 141 1630 [li.
153 1559 287 1640 licead,
301 1561 359 1638 9.)
380 1577 418 1622 ex
437 1561 570 1620 iluctihue
590 1562 684 1636 surgit
708 1559 841 1634 marinis,
864 1558 995 1618 homines
1021 1562 1125 1621 multos

94 1669 208 1726 omenes
230 1661 260 1720 in
286 1663 504 1722 admirationem
530 1661 577 1722 sui
603 1660 721 1734 abripit,
746 1663 838 1722 ileum
863 1666 892 1718 et
915 1661 1026 1722 incolas
1052 1663 1126 1722 coeli

95 1760 189 1820 mnes
205 1764 554 1840 proscindit„prchosque
568 1762 622 1822 liei
644 1763 768 1820 cultores
782 1762 962 1836 persequitur
978 1761 1028 1838 (id
1040 1763 1126 1840 quod,

95 1873 118 1912 tx
131 1869 206 1922 neate
223 1865 392 1942 scriptoris,
417 1864 546 1940 symbolo
566 1865 770 1936 Imperatorum
790 1863 999 1940 Romanorum,
1023 1862 1124 1922 Nero-

95 1957 123 2014 lit
139 1965 316 2042 potissimum,
346 1965 490 2028 inservire
518 1967 689 2038 interpretes
722 1964 853 2043 docent).
879 1947 972 2025 ‘Huic
998 1969 1124 2024 monstro

94 2057 166 2124 deinde
181 2068 232 2131 aia
252 2068 409 2142 opitulatur
428 2068 537 2144 hellua,
568 2082 641 2140 quae
667 2081 704 2124 ex
729 2069 808 2125 terra
833 2067 954 2146 prodiit,
981 2069 1125 2124 cornubus

95 2163 173 2230 quiden
190 2185 263 2246 ιςαο
284 2173 410 2229 mactato
431 2169 578 2246 (symbolo
591 2167 727 2245 Christi),
747 2168 800 2226 sed
820 2179 895 2226 voce
915 2168 1033 2226 dnccnl
1045 2168 1125 2244 (Sa-

95 2265 163 2340 i’m,
181 2270 304 2346 Apoeal.
329 2287 355 2330 c.
368 2270 442 2350 12.)
462 2271 580 2348 similis,
604 2269 800 2348 prodigiisque
827 2269 946 2328 edendis
970 2271 1126 2344 permultos

95 2357 186 2426 ituioes
203 2373 324 2448 decipit,
349 2371 443 2447 iisque
471 2373 638 2448 persuadet,
664 2376 697 2428 ut
720 2377 845 2430 monstro
871 2370 913 2428 illi
940 2371 1123 2432 simulacrum

94 2467 172 2540 titoni
190 2473 351 2550 (iutelligg.
378 2473 669 2552 pseudoprophetae).
713 2473 775 2530 Cir.
800 2473 927 2546 Aperui.
944 2473 999 2550 17,
1016 2474 1124 2530 3-8,

96 2565 279 2634 linonstrum
308 2575 396 2650 illud,
421 2575 568 2634 mulierem
595 2572 719 2651 egregie
744 2578 871 2632 ornatam
901 2573 955 2632 sed
975 2576 1126 2632 contume-

95 2665 148 2728 luis
160 2673 185 2732 iu
197 2679 286 2736 ileum
311 2676 472 2736 nominihus
488 2677 600 2750 plenam
621 2679 650 2734 et
669 2673 842 2735 scortatione
861 2673 1035 2750 inquinatam
1055 2691 1126 2749 pnr-

95 2773 136 2826 err
149 2777 246 2837 tndem
266 2780 299 2838 in
323 2778 477 2850 perniciem
498 2778 603 2836 dicitur
623 2778 773 2839 abiturum.
795 2776 848 2853 19,
867 2776 1015 2836 11-21.
1061 2778 1125 2844 Quo

94 2869 158 2932 ¹5¹⁰!
171 2878 284 2940 Paulum
307 2881 348 2938 ad
367 2879 507 2938 eiusmodi
532 2881 616 2938 etlata
635 2880 853 2952 Apocalppsecs
877 2871 1042 2950 respexisse
1066 2893 1126 2950 pu-

94 2971 169 3050 ifflss,
192 2983 288 3058 utique
311 2981 443 3056 inpedit,
470 2979 545 3054 quod
570 2978 620 3038 hic
639 2979 711 3038 liber
736 2977 1064 3053 prophetico-poeticus
1090 2993 1126 3037 eo

94 3069 197 3155 lupae,
216 3100 275 3157 quo
302 3081 412 3141 Paulus
435 3081 546 3140 litteras
572 3078 652 3138 dedit
676 3080 715 3138 ad
735 3079 1021 3155 Thessalonicenses,
1046 3093 1125 3138 uou-

96 3165 145 3230 ΕΜ
158 3177 238 3243 lteris
259 3184 451 3261 consignatus
470 3181 527 3242 ruit
554 3180 629 3256 (cir.
650 3182 775 3257 Iscpoye
794 3194 863 3241 m
888 3181 1126 3240 historico-eri-

94 3273 137 3328 lira
154 3281 178 3340 it
197 3288 288 3347 tiores
315 3289 356 3345 rt.
377 3287 413 3344 F.
439 3300 560 3362 awos,
586 3301 618 3358 p.
633 3283 715 3340 486.
728 3279 825 3359 sqq).
871 3281 999 3355 Uterque
1023 3281 1125 3342 horum

92 3375 236 3462 stipem,
268 3388 320 3466 et,
345 3385 474 3462 quisquis
500 3386 613 3444 undem
641 3383 743 3458 tuerit,
773 3385 873 3440 auctor
898 3383 1127 3460 Apocalypseos,

92 3477 215 3544 *Proin
238 3489 402 3561 Apostolus
433 3487 536 3562 (euius
561 3485 725 3543 vaticinatio
757 3484 793 3542 ah
819 3483 872 3559 iis,
898 3500 971 3558 quae
996 3485 1027 3544 in
1053 3487 1126 3544 libro

92 3573 182 3648 ipcesl,
200 3590 371 3665 obveniunt,
396 3589 513 3646 multmn
534 3587 648 3661 quidem
669 3588 763 3645 dillert
781 3586 921 3644 brevitate
941 3589 971 3644 et
990 3587 1127 3644 ononms

92 3673 245 3764 imtclhte,
264 3692 323 3748 etsl
343 3691 373 3748 in
393 3689 452 3764 illa,
472 3704 556 3763 quam
570 3688 870 3763 supralndicavlmus,
889 3689 1031 3745 sententia
1051 3702 1126 3746 oon·-

91 3783 177 3844 'ffl'sut
199 3792 350 3868 primaria)
378 3793 516 3850 enicem
536 3791 654 3848 eandem
673 3790 763 3848 tenuit
788 3791 826 3847 de
846 3790 933 3848 rebus
953 3792 1020 3846 anta
1039 3807 1126 3866 nerp-

93 3881 176 3945 ουσίαν
204 3892 318 3952 homiui
355 3892 501 3956 arcaturis
529 3890 765 3966 persuasionem,
799 3906 835 3949 ex
868 3889 969 3948 iisdem
1000 3889 1126 3948 ionhhns

91 3981 214 4048 sium
1094 4039 1097 4047 .

151 4089 286 4152 Adfirmat
306 4109 390 4166 porro
411 4092 582 4167 Apostolus,
601 4091 670 4152 huie
691 4088 885 4148 vaticinationi
904 4088 1020 4152 minime
1041 4093 1124 4152 cius-

92 4185 146 4244 'lii
161 4190 252 4254 iussae
272 4195 444 4270 doctrinam,
465 4211 538 4271 quae
558 4193 862 4254 Thessalonicensibus
883 4209 960 4254 nora
985 4201 1014 4256 et
1039 4196 1125 4256 inau-
