2710 4954
260 387 343 464 8⁰4
641 389 955 478 Prolegomena.

260 585 338 634 esse
360 563 548 634 comitatos.
590 566 633 647 c)
651 561 890 638 QuodPaulns
912 564 964 631 aa
984 561 1115 651 votat,
1129 561 1163 633 9.
1195 562 1296 632 Hiero·

256 666 408 751 solymae
440 687 480 735 se
508 663 698 754 profectum
726 685 805 733 esse
832 664 1009 752 profitetur
1032 666 1229 756 praelatione
1252 667 1297 732 nd·

257 770 419 839 monitum
440 768 555 837 diviua
582 763 665 850 (κατ’
691 763 938 859 ἀποκάλυψιν),
963 769 1129 836 consentit
1148 769 1203 854 iis,
1228 789 1298 857 qnae

256 873 350 944 Aere.
374 873 437 960 11,
453 867 517 938 28.
538 890 609 960 sqq.
639 871 683 937 de
703 870 825 956 Agabo
852 871 1017 958 propbeta
1040 880 1231 957 narramur,
1252 870 1299 936 im·

256 984 338 1066 patu
366 975 478 1044 divino
505 972 629 1041 famem
657 993 812 1058 magnam
837 993 915 1040 mox
943 973 1103 1042 orituram
1129 972 1299 1053 vaticinata,

258 1100 345 1168 quae
367 1077 475 1145 furnes
497 1097 597 1166 quum
621 1075 827 1163 exstitisset,
854 1073 985 1142 Paulus
1006 1083 1042 1143 et
1062 1075 1233 1144 Barnabas
1255 1075 1301 1141 bc·

256 1179 379 1248 ueiioia
400 1178 545 1246 collecta
566 1176 820 1260 Hierosolymas
842 1179 1072 1264 deportarunt.
1115 1179 1160 1264 d)
1177 1177 1301 1246 Enarrm
1342 1212 1343 1254 p

256 1281 442 1370 Apostolus
461 1281 514 1346 sd
527 1279 610 1348 Gal.
626 1279 663 1368 2,
677 1277 714 1346 9.
743 1301 781 1347 se
801 1278 1063 1370 Barnabamque
1085 1280 1211 1349 dextris
1231 1277 1303 1346 datis

258 1405 335 1451 cunr
352 1383 470 1470 Petro,
489 1381 634 1470 tacebo,
654 1381 788 1450 Joanae
811 1381 875 1450 boc
896 1381 1081 1470 pepigisse,
1099 1392 1140 1452 nt
1159 1383 1229 1471 ipsc
1247 1378 1303 1470 qni·

260 1489 337 1556 dem
358 1493 394 1554 ot
414 1485 591 1554 Barnabas
613 1484 813 1572 gentilibus,
840 1483 890 1550 illi
917 1506 997 1552 vero
1017 1484 1166 1554 «Indaeis
1190 1482 1305 1574 potissi·

257 1611 348 1658 mum
370 1587 556 1656 doctrinam
582 1589 624 1656 do
647 1587 783 1658 Christo
803 1589 987 1657 traderent.
1034 1587 1105 1658 His
1126 1587 1223 1678 plane
1242 1607 1304 1654 con·
1342 1665 1343 1670 ἵ

257 1691 377 1779 sentit,
405 1691 493 1781 qnod
520 1689 636 1758 Lucas
667 1690 701 1758 in
729 1688 828 1758 Acts'r
852 1697 1028 1778 postquam
1057 1715 1090 1760 c.
1111 1692 1174 1760 11.
1200 1712 1249 1759 ex.
1273 1689 1305 1752 dc

256 1795 406 1861 secundo
428 1789 528 1859 Pauli
555 1791 676 1860 itinere
698 1792 867 1860 Hierosoi.
890 1793 1031 1880 dixerat,
1062 1817 1096 1862 e.
1115 1792 1179 1863 12.
1206 1816 1238 1861 v.
1255 1786 1307 1855 25.
1342 1793 1343 1884 i

255 1918 287 1964 c.
309 1895 370 1963 13.
391 1894 436 1961 in.
458 1901 604 1963 testatas
627 1900 697 1981 est,
718 1893 862 1961 Paulum
882 1896 1144 1987 Barnabamqne
1164 1895 1307 1964 Hieroso·
1342 1885 1343 1924 ¹

253 1997 354 2080 iymis
376 1996 549 2082 digressos
571 2017 649 2064 esse
668 1998 712 2062 ad
729 1996 874 2082 gentilos
887 1987 1148 2068 convertendos.
1177 2004 1217 2085 a)
1228 1993 1310 2072 (laod

253 2099 383 2170 Paulus
409 2095 464 2164 ad
486 2097 570 2168 Gat
589 2095 627 2186 2,
649 2097 711 2165 it).
738 2099 848 2176 addit,
876 2098 985 2186 ipsura
1010 2101 1309 2188 Barnabamqneo

256 2201 380 2270 ceteris
400 2199 577 2287 Apostolis
598 2200 786 2268 admonitos
808 2221 906 2287 csse,
933 2208 987 2290 ut,
1014 2204 1176 2293 quamvis
1197 2197 1312 2290 gentili·

253 2303 317 2372 bns
337 2303 550 2392 potissimum
571 2303 807 2371 convertendis
829 2323 965 2392 operam
989 2327 1090 2374 suam
1118 2305 1311 2384 addicerent,

252 2427 372 2474 curam
402 2413 515 2475 taram
544 2414 705 2493 gererent
735 2427 937 2494 pauperum,
967 2408 1023 2498 qni
1053 2408 1151 2476 inter
1176 2406 1315 2475 Jnrtaeos

251 2515 388 2594 essent,
423 2530 467 2578 ex
499 2507 542 2574 iis
578 2508 704 2597 optime
731 2507 937 2594 illustratur,
969 2528 1060 2599 quac
1089 2511 1211 2578 Lucas
1237 2506 1312 2576 Actt

256 2609 319 2696 11,
333 2607 399 2676 29.
420 2611 463 2677 de
485 2609 626 2677 oonsilio
647 2610 778 2678 itineris
792 2610 892 2704 Pauli
906 2609 1078 2679 Hierosol.
1104 2611 1250 2682 secundi
1269 2629 1315 2675 cx·

250 2711 376 2800 posuit.
418 2711 516 2810 Haec
538 2713 651 2780 omnia
670 2734 764 2799 vero,
784 2713 907 2781 iterum
928 2713 1124 2805 iterumque
1143 2712 1317 2802 explorata,

251 2815 298 2882 ud
317 2835 391 2882 rem
411 2813 617 2902 probandam
640 2815 797 2883 sufficere
818 2837 884 2882 non
906 2813 1084 2900 ridentum
1107 2840 1178 2887 nec
1200 2818 1318 2894 desunt,

250 2935 339 3006 qnae
352 2917 554 2985 sententiam
569 2917 773 2985 annuariam
785 2918 895 3004 magis
907 2921 1164 2990 commendent.
1193 2924 1239 3002 a]
1246 2915 1318 2984 Gon·

250 3017 377 3106 silium,
400 3041 465 3110 quo
479 3019 606 3087 Paulas
628 3041 672 3086 ea
692 3020 979 3108 commemorarit,
1000 3043 1095 3111 quac
1117 3045 1151 3090 c.
1173 3022 1208 3090 1.
1223 3019 1259 3088 2.
1279 3037 1321 3102 ep·

241 3123 303 3186 ad
324 3121 408 3192 vat
430 3121 606 3209 legantur,
627 3121 762 3189 minime
783 3119 1010 3209 efflagitabat,
1031 3131 1076 3190 nt
1099 3125 1239 3212 omnia,
1264 3115 1321 3210 qui·

248 3221 314 3289 bns
336 3223 509 3314 bucusque
530 3222 786 3306 Hierosoly-as
808 3224 966 3311 adiisset,
992 3225 1130 3295 itinera
1152 3244 1321 3317 perseque-

249 3330 356 3390 retur.
398 3323 546 3393 Nolebat
565 3325 689 3416 qnippe
710 3327 743 3394 b.
764 3325 788 3392 Ι.
814 3326 906 3395 sitae
927 3345 1011 3394 suae
1032 3327 1120 3397 fata
1143 3337 1182 3399 ct
1204 3321 1322 3400 vicissi-

248 3425 385 3494 tudines
405 3447 579 3495 enamare.
621 3428 740 3517 immo,
761 3450 849 3518 quae
867 3428 988 3497 baode
1009 3451 1052 3496 re
1078 3431 1217 3518 attulit,
1237 3449 1323 3518 prop·

249 3533 348 3595 terea
375 3526 531 3597 attulisse
558 3529 801 3600 existimandus
831 3539 904 3618 est,
932 3538 971 3600 nt
997 3532 1231 3603 documentis
1264 3525 1325 3619 qul·

236 3629 391 3698 'busdam
412 3632 595 3720 praecipue
616 3632 803 3720 insignibus
831 3633 952 3722 partim
982 3638 1256 3722 comprobaret,
1279 3643 1343 3712 ret

247 3753 322 3800 ram
349 3733 573 3820 cognitionem
609 3742 644 3804 et
670 3736 924 3826 persuasionem
952 3734 1204 3808 Obristianam
1232 3753 1343 3832 nequa

245 3855 310 3922 per
329 3844 464 3904 ceteros
484 3837 675 3926 apotolos,
697 3861 806 3928 noque
827 3837 959 3905 omnino
982 3837 1143 3908 aliorum
1166 3840 1343 3908 bominum¹

244 3957 329 4025 ope,
358 3941 419 4007 sed
440 3938 658 4008 revelationis
680 3941 813 4009 divinae
834 3939 997 4008 beneficio
1025 3941 1104 4010 sibi
1138 3943 1343 4029 contigisse

246 4038 369 4124 partim
391 4061 430 4106 se
452 4040 578 4109 ceteris
600 4042 762 4130 apostolis
784 4043 988 4110 anctoritate
1008 4064 1147 4131 parem
1171 4045 1330 4130 atriisque

243 4159 364 4207 -vernm
386 4141 513 4211 Obristi
533 4144 685 4232 legatam
705 4144 855 4232 agnitum
877 4165 954 4213 esse
976 4151 1207 4218 ostenderet.
1257 4149 1331 4216 Pro·

244 4238 323 4310 inde
344 4241 482 4333 silentii,
505 4265 570 4337 qno
591 4247 711 4336 Apost.
725 4247 800 4316 -iter
821 4247 1005 4318 secundnm
1023 4251 1242 4343 manaem,
1263 4267 1333 4318 can·
