2726 4956
261 452 341 528 892
396 463 551 557 Epistola
570 472 615 546 ed
637 473 790 548 Galatas.
820 479 858 550 G.
878 481 925 554 11.
942 483 998 556 Ὺ.
1023 485 1184 562 lit-1⁷.

260 647 309 692 res
322 633 390 699 Chr.
404 642 582 705 'llttmann
600 647 631 710 la
651 665 768 728 masec.
781 655 868 716 tleol.
886 675 919 735 p.
931 662 1008 723 866.
1027 662 1147 738 Knapp
1166 663 1281 763 interip-

258 734 299 793 tte
323 741 402 797 rarii
435 751 602 824 memnii
632 753 734 814 cdli
760 755 879 828 plen
900 777 942 836 sq.
989 764 1228 825 Bosonmltller
1256 769 1283 825 ad

257 833 287 892 b.
313 837 333 896 b
366 842 491 904 Winer
530 849 697 914 lideberi
726 856 831 931 aliique
863 862 1016 945 probant),
1047 883 1084 927 au
1116 867 1184 924 baec
1204 869 1283 942 onnia,

254 935 334 995 nnita
352 940 410 1002 iam
430 949 592 1008 narratione
611 959 824 1020 coutroversiae
835 963 1044 1043 Antiochense,
1062 967 1205 1026 lectoribus
1220 968 1284 1024 buius

256 1037 408 1122 epistolae,
427 1046 740 1119 dudeco-Christianis
759 1062 935 1134 potissimum
953 1066 983 1124 iu
1005 1068 1115 1126 (idalia
1138 1069 1284 1128 versantibus

254 1138 384 1202 deantur
407 1145 498 1223 (quae
517 1157 655 1218 sententia
679 1158 710 1215 in
731 1165 939 1223 commentariis
967 1167 1172 1230 Oscuneuli
1197 1169 1284 1228 tirolii

254 1239 408 1305 semlerl
432 1249 562 1328 Koppil
587 1255 790 1319 Maithiesii
820 1263 858 1322 el.
879 1270 1068 1349 praefertur).
1114 1273 1147 1330 ln
1165 1273 1220 1344 ipsa
1236 1271 1285 1346 qui·

252 1340 319 1399 dem
344 1348 420 1405 serie
451 1357 479 1410 et
504 1353 599 1414 lndole
629 1362 832 1420 sententiarum
856 1364 944 1426 buius
975 1371 1061 1428 totins
1091 1373 1213 1431 sectionis
1234 1371 1283 1426 nibil

250 1451 385 1523 apparat,
406 1465 462 1524 quo
483 1453 649 1518 alterutrum
670 1467 749 1520 certo
771 1470 976 1538 comprobetur.
1026 1471 1209 1546 Quaecunque
1230 1473 1284 1528 culn

250 1543 289 1600 ad
315 1547 400 1611 linem
425 1567 517 1627 usque
543 1573 605 1630 cap.
632 1563 799 1642 obveniunt,
825 1571 934 1641 pariter
962 1573 1104 1632 inservire
1128 1573 1284 1648 poterantiis

250 1643 431 1729 Galatarum,
454 1657 502 1728 qul
522 1657 684 1722 doctoribus
704 1667 787 1724 vanis
807 1673 1007 1731 necessitatem
1030 1676 1239 1733 circumcisionis
1259 1672 1285 1729 ud

247 1747 369 1808 alutem
391 1761 618 1831 consequendam
639 1769 809 1841 urgentibus
829 1786 915 1828 aures
936 1775 1024 1832 facile
1044 1777 1221 1852 praebebant,
1236 1790 1284 1833 me·

245 1846 320 1908 liora
340 1853 492 1934 docendis,
512 1853 597 1936 atque
615 1863 702 1925 Petro
724 1868 762 1925 ad
782 1871 973 1931 sinceritatem
1000 1879 1031 1936 et
1052 1879 1203 1938 libertatem
1218 1877 1285 1950 inge·

245 1963 333 2007 unam
362 1961 540 2038 revocando,
569 1971 738 2035 praesertim
765 1970 792 2027 sl
816 1975 1016 2053 perpenderis,
1051 1969 1201 2038 orationem
1225 1976 1285 2036 nuul

245 2049 284 2106 ad
303 2051 419 2114 Petrum
440 2073 538 2120 coram
557 2063 686 2137 pluribus
704 2065 828 2130 habitam
850 2076 934 2134 etlam
954 2073 1012 2134 hoc
1034 2081 1147 2162 egisse,
1165 2087 1194 2140 ut
1210 2080 1227 2138 li
1243 2081 1285 2136 Ju-

244 2149 463 2218 daeo-Christi.
484 2163 671 2244 Antiochenl,
698 2171 747 2244 qul
772 2187 807 2230 re
831 2187 904 2232 vera
923 2183 1073 2259 putarent,
1101 2183 1230 2241 neminem
1246 2179 1286 2236 nisi

244 2249 443 2316 circumcisum
470 2261 533 2321 lieo
562 2279 682 2337 prorsus
706 2273 836 2349 probari,
862 2291 918 2332 neo
943 2280 1128 2342 simulatione
1152 2288 1245 2341 tantm
1266 2285 1286 2336 n

241 2356 320 2410 metu
340 2361 511 2420 consortium
531 2365 914 2438 llthnico-Christianornm
944 2381 1101 2463 fugerent,
1127 2387 1163 2444 de
1186 2383 1285 2444 vincte

239 2448 328 2510 nulus
346 2463 539 2528 persuasionis
560 2469 787 2534 admonerentur.
827 2478 934 2538 Psrnm
948 2484 1134 2554 probabiliter
1148 2501 1213 2544 vero
1225 2487 1286 2542 rsu-

239 2549 287 2610 lns
307 2553 353 2614 luls
374 2565 489 2641 paucis,
512 2583 585 2640 quae
606 2587 633 2628 v.
646 2569 696 2633 lt.
717 2575 858 2657 legimns,
883 2580 1137 2655 reprehensionem
1156 2589 1227 2647 Petri
1242 2601 1286 2658 pb-

239 2652 343 2715 blicam
364 2662 524 2726 absoluisse
545 2671 728 2735 existimetur.
770 2678 955 2752 Respondent
975 2687 1106 2765 quidem,
1131 2689 1284 2764 speculum,

238 2753 293 2814 est
313 2759 371 2814 tum
392 2767 527 2838 temporis
546 2771 722 2833 Antiochiae
742 2759 822 2838 lu'eud
842 2781 926 2842 dubie
951 2801 1116 2850 sermonem
1143 2793 1285 2864 usurpasset

235 2857 430 2940 prolixiorem,
449 2875 626 2932 narratione
645 2879 741 2935 tamen
760 2878 846 2939 huius
866 2890 1006 2946 sermonis
1025 2892 1057 2949 ln
1080 2893 1198 2966 epistole
1209 2895 1284 2949 nosne

236 2959 364 3022 breviter
383 2979 450 3026 csse
475 2972 654 3053 detensium,
680 2995 791 3039 sumina
816 2988 924 3044 tentum
950 2994 1093 3052 sermonis
1119 3013 1144 3054 s.
1169 2993 1284 3055 sententia

233 3061 368 3133 primaria
406 3085 462 3141 que
496 3073 701 3136 simulationem
732 3081 811 3142 Petri
844 3095 975 3159 carperet
1010 3109 1040 3151 v.
1062 3094 1114 3153 14.
1148 3095 1283 3154 indicanda

234 3159 317 3226 duod
337 3167 400 3224 lieri
417 3175 551 3244 potuisse
570 3174 647 3236 band
669 3185 845 3257 negaverim.
893 3191 1004 3248 Verum
1029 3197 1195 3274 enimvero,
1217 3210 1284 3270 quun

232 3261 406 3342 Apostolus,
430 3286 505 3343 quae
535 3275 613 3336 buno
644 3297 805 3344 sermonem
830 3293 1032 3352 antecederent
1065 3299 1152 3372 elque
1175 3296 1283 3357 babendo

230 3367 465 3434 opportunitatem
481 3381 662 3450 praeberent
686 3399 715 3441 v.
738 3383 777 3442 11
789 3418 823 3430 -
835 3387 885 3447 11.
905 3395 1027 3454 sobmon
1047 3403 1226 3476 exposuerit,
1243 3411 1284 3455 110⁶

229 3461 319 3523 ullum
348 3471 484 3533 orationis
518 3485 643 3539 unumne
678 3483 737 3559 (ad
769 3489 886 3550 onnus
916 3499 1115 3579 transeuntis)
1149 3501 1283 3580 vmdglllffl

230 3579 258 3622 v.
280 3561 503 3653 1o.uppuren‚
530 3582 583 3638 sed
605 3585 637 3640 C.
654 3587 707 3643 111.
734 3588 847 3649 demum
868 3609 897 3652 v.
915 3595 943 3653 1.
970 3613 1068 3658 sermo
1095 3605 1199 3662 iterum
1223 3617 1282 3658 ⁰⁰⁰-

227 3671 358 3728 sertatur
378 3673 415 3730 ad
435 3675 558 3738 lectores
580 3685 731 3764 epistolae,
753 3695 927 3763 probabilius
944 3701 1043 3775 ,utique
1070 3721 1101 3762 v.
1124 3701 1176 3764 15.
1195 3718 1282 3763 narn·

224 3767 331 3828 tionem
349 3773 426 3834 illius
446 3781 583 3842 orationis
591 3787 791 3850 Antiochense
812 3799 994 3858 continuasse
1014 3805 1203 3865 existimetur.
1233 3803 1282 3861 00·

223 3871 315 3930 terum
337 3877 519 3940 coniecturae
527 3899 625 3944 eornm
640 3887 711 3966 (otu.
731 3893 830 3953 Flatt
846 3903 1001 3972 praelecti.
1015 3908 1058 3963 od
1072 3910 1164 3968 e.17.
1177 3902 1280 3984 pili-J

224 3971 273 4042 qui
300 3990 462 4040 sermonem
491 3985 623 4058 Apostoll
656 4007 712 4065 quo
739 3996 856 4056 Petrum
884 4003 1044 4080 corrigeret
1080 4025 1111 4068 v.
1134 4009 1184 4066 ln
1212 4007 1279 4066 osl-

222 4085 306 4148 nere,
334 4083 430 4140 cetera
461 4102 490 4146 v.
511 4087 562 4146 lo.
583 4089 634 4149 80.
654 4091 705 4154 21.
737 4095 847 4156 Galatis
879 4103 985 4176 sculpta
1012 4121 1080 4165 csse
1113 4111 1278 4178 contendunt,

221 4169 252 4229 ld
272 4177 395 4240 mammo
415 4185 517 4266 count,
537 4193 612 4266 quod
634 4199 663 4254 et
681 4196 744 4270 ipse
763 4199 850 4257 totius
864 4206 1022 4264 sententiae
1040 4209 1165 4288 indoles,
1185 4215 1212 4270 et
1229 4222 1276 4264 vl·

222 4272 290 4336 ouls
309 4269 384 4364 yde
405 4289 543 4370 ostendit,
562 4309 679 4358 versum
700 4297 749 4362 lo.
778 4317 845 4362 cnm
866 4302 916 4364 18.
936 4309 1100 4371 nodsslme
1126 4313 1276 4374 cohaerere
