2704 4954
170 475 323 564 Epistola
344 475 388 544 an
410 425 566 542 Galatae.
589 473 628 540 o.
643 469 701 538 vr.
736 471 778 539 v.
799 469 912 540 1-n,
1011 467 1091 538 aso

9 658 101 713 l'aeta
127 652 336 726 exploratione,
362 649 450 708 multo
479 648 574 723 potins
605 645 822 722 reprehensioni
849 645 999 706 obnoxiam
1025 663 1093 706 esse

9 771 106 829 qnam
129 755 212 812 laude
232 754 350 828 dignam
371 747 566 812 intellexerit?
607 751 731 809 Proinde
746 749 871 809 nonnulli
884 750 932 806 nb.
954 746 1092 828 δοκιμα-

9 855 94 934 ζέτω
115 871 205 914 sensu
224 854 327 913 rariori
347 853 454 910 dietum
475 849 650 910 existimante
672 851 792 926 quisque
811 867 893 910 suam
913 851 1021 927 agendi
1040 867 1094 909 ra-

9 963 128 1018 tionem
147 958 188 1015 lta
209 961 374 1030 componat,
394 960 424 1011 ut
445 955 507 1012 lieo
527 953 641 1026 probari
661 955 751 1026 possit
778 953 827 1030 (ui
848 946 943 1037 ἔργον
963 953 1012 1012 dat
1032 948 1093 1012 δό-

9 1060 148 1140 κιμον).
204 1057 266 1114 Cir.
305 1053 497 1114 Michaelis
534 1053 718 1114 Rambaein
750 1056 914 1115 lidekeri
948 1055 986 1112 ad
1019 1055 1049 1113 ln.
1073 1055 1094 1112 l.

9 1164 190 1234 Quanquam
211 1157 378 1215 sententiam
398 1157 544 1216 inoramnr
565 1157 634 1215 satis
653 1162 757 1233 aptam,
776 1171 878 1230 parum
899 1161 979 1216 nerto
999 1162 1096 1215 tamen

9 1264 197 1336 exploratam
220 1261 357 1317 habemns
377 1258 453 1316 hano
473 1237 712 1336 signiteatlonem
733 1259 782 1316 vir.
797 1253 993 1338 δοκιμάζειν.
1023 1259 1095 1318 Ple·

9 1367 105 1438 rique
131 1359 200 1419 καὶ
228 1356 314 1420 ro're
334 1361 491 1418 ‚admodum
522 1361 649 1419 breviter
678 1359 786 1420 dietum
818 1360 918 1420 volunt
942 1375 1010 1435 pro:
1040 1357 1096 1420 uoti

11 1464 78 1528 ἐὰν
101 1456 241 1544 ὅοκιμδν
262 1454 379 1522 innodo
399 1477 423 1518 s.
447 1454 481 1520 ao*
505 1456 598 1540 ἔργον
619 1453 737 1523 ἑαυτοῦ
764 1451 892 1550 εὑρίσκῃ
913 1464 984 1520 etos
1011 1466 1097 1536 atque

9 1571 40 1628 si
63 1565 186 1640 pronam
208 1561 313 1620 viderit
332 1577 413 1620 snam
434 1561 513 1621 vitae
538 1563 676 1621 rationem
696 1569 754 1625 eto.
793 1564 936 1636 lixempla
956 1563 1097 1622 eiusmodi

9 1664 267 1739 breviloquentiae
293 1680 330 1720 ex
351 1665 461 1723 Multi.
479 1665 514 1743 o,
531 1667 585 1723 ³3.
618 1665 646 1725 1.
665 1666 751 1724 Gerr.
776 1665 831 1743 11,
851 1665 904 1723 28.
954 1665 1097 1741 liorger

10 1773 55 1829 ad
78 1769 111 1828 in,
131 1767 153 1824 l.
174 1765 279 1839 aliique
292 1767 468 1824 attulerunt.
516 1766 657 1835 Quantum
683 1765 817 1840 equidem
842 1765 942 1843 video,
966 1765 1012 1824 iria
1038 1781 1095 1824 non

11 1873 204 1947 indigemus,
226 1869 377 1926 dnmmodo
397 1867 500 1940 partim
521 1867 767 1944 perpenderimus,
787 1883 950 1927 sermonem
971 1867 1096 1926 essedo

14 1971 185 2033 hominibus
213 1967 327 2028 cnrtsto
352 1967 476 2026 addictis
501 1967 550 2042 qui
582 1968 722 2028 tramitem
747 1977 956 2044 persequantur
982 1969 1098 2028 virtutis

15 2073 120 2151 (quod
141 2071 229 2130 vitam
250 2070 386 2128 univerae
406 2072 564 2140 spectatam
593 2069 727 2148 attinet),
752 2072 806 2129 etei
831 2071 973 2132 interdum
998 2071 1096 2128 naell-

17 2179 80 2235 lent
101 2177 152 2230 ant
172 2173 314 2243 labantur,
340 2169 442 2242 partim
469 2169 637 2230 sententiam
667 2173 822 2232 verborum
849 2167 1009 2253 καύχημα
1035 2165 1096 2247 ἕξει

17 2277 65 2341 ele
98 2267 214 2333 ἑαυτὸν
244 2282 324 2330 reete
354 2271 594 2345 perspexerimus.
647 2273 865 2334 substantivum
899 2268 1097 2354 καύχημα,

17 2375 155 2452 profanis
174 2372 251 2430 haud
271 2373 448 2448 incognitum
469 2373 507 2432 de
526 2373 689 2434 laudatione
701 2391 777 2434 vana
788 2381 818 2432 et
837 2374 998 2450 iaetatione,
1019 2376 1097 2450 apud

17 2477 181 2548 scriptores
212 2487 312 2532 saeros
339 2475 424 2532 etlam
456 2490 544 2532 sensu
567 2475 678 2532 meliori
707 2481 889 2552 usurpatum,
916 2482 945 2534 et
971 2476 1009 2536 do
1032 2475 1097 2549 ipso

17 2577 168 2655 gloriandi
188 2582 257 2633 antu
277 2576 333 2632 dle.
360 2575 620 2654 11.corr.tt,12.
646 2577 756 2637 ileon.
768 2579 803 2654 3,
816 2579 849 2634 6.
870 2582 899 2635 et
919 2578 956 2635 da
975 2575 1097 2634 materia

15 2677 168 2756 gloriandi
187 2679 305 2737 Rotam.
318 2677 357 2754 4,
368 2680 401 2736 2.
432 2678 671 2756 I.Gorr.9,16.
692 2678 731 2735 ol.
758 2675 838 2735 hebr.
853 2673 949 2761 tripart
969 2678 1095 2738 Denter.

18 2785 82 2860 10,
98 2779 153 2840 et.
174 2780 230 2854 2⁶,
253 2780 306 2839 19.
349 2777 487 2852 Proinde,
512 2777 560 2852 qul
580 2777 671 2837 verbo
698 2771 803 2853 ἔχειν
823 2777 852 2835 n.
873 2777 892 2834 l.
914 2759 981 2836 eum
1001 2779 1096 2852 Kop-

13 2885 80 2958 plo
105 2879 344 2957 sigotneottonem
377 2881 514 2957 tenendi,
541 2881 690 2939 retonuit·
709 2879 855 2938 vindicant
881 2877 954 2958 [Jo.
967 2880 1028 2959 14,
1041 2882 1095 2939 21.

14 2987 69 3046 H.
85 2982 213 3042 dimna.
227 2982 260 3057 1,
273 2980 324 3039 13.
351 2982 378 3040 Ι.
394 2982 479 3039 Petra·
489 2983 524 3058 2,
537 2981 611 3058 12.)
616 3023 629 3059 ,
651 2979 741 3039 verba
761 2977 805 3046 ele
824 2972 941 3043 ἕαυτόν
961 2986 1017 3038 ete.
1038 2981 1096 3039 dn-

13 3085 92 3159 pllei
113 3082 197 3141 modo
218 3083 450 3156 interpretantur,
473 3083 536 3142 oei:
563 3085 770 3159 ptota'utn'onem
790 3085 875 3157 opud
893 3097 927 3141 ae
946 3085 1096 3156 retinebit,

11 3191 50 3246 in
72 3183 168 3242 ammo
188 3197 241 3241 suo
261 3185 349 3242 veluti
371 3184 537 3242 oonelusam
563 3183 686 3260 tenebit,
704 3184 724 3241 i.
745 3200 772 3258 q.
793 3181 934 3259 intelliget
962 3184 1000 3242 ab
1021 3187 1097 3242 omni

14 3285 138 3363 gloriat.
160 3299 256 3340 eoram
277 3284 343 3342 allis
368 3284 567 3344 abstinendum
592 3300 672 3360 esse,
698 3285 747 3344 eei
775 3283 871 3361 (qnod
895 3285 960 3343 iera
986 3285 1096 3362 idem]:

14 3389 145 3446 imment
165 3399 252 3443 annm
282 3385 361 3461 (rem
392 3386 430 3444 de
450 3402 508 3461 qua
527 3384 648 3462 gloriari
669 3401 756 3460 posse
782 3385 837 3445 sliri
864 3384 1019 3463 videatur)
1039 3390 1096 3447 sint

12 3489 79 3547 soli
102 3489 223 3563 tenebit,
243 3486 271 3542 in
292 3501 347 3543 ana
367 3486 456 3559 ipsius
477 3488 654 3546 eooseientia
673 3489 748 3546 laeta
774 3485 941 3561 aequieseet
960 3501 1015 3545 neo
1041 3503 1097 3544 sn-

13 3607 75 3666 pra
107 3589 180 3646 alios
206 3602 273 3644 sese
300 3588 406 3646 etleret
459 3587 617 3661 Utrumque
649 3589 707 3647 hoe
739 3587 878 3662 premitur
907 3587 1098 3659 lnoontmodo‚

13 3690 99 3764 quod
119 3689 272 3760 sententia,
292 3702 376 3762 quam
397 3688 493 3748 verbis
519 3681 590 3750 οὐκ
616 3685 672 3756 aie
697 3682 768 3750 τᾶν
789 3686 937 3769 ἕτερον,
963 3695 996 3750 ot
1016 3697 1097 3750 reeto

17 3790 80 3849 sibi
101 3795 211 3848 constet
232 3789 386 3865 oppositio,
412 3789 552 3848 vindicari
579 3797 709 3862 oporteat
735 3791 779 3866 (si
804 3785 888 3867 ἔχειν
914 3791 944 3850 in
969 3791 1096 3850 membro

15 3893 115 3966 priori
134 3905 222 3948 sensu
242 3891 363 3949 terrendi
382 3891 577 3968 aeoipiaturJ,
597 3907 698 3965 parom
719 3893 868 3952 commoda
888 3895 918 3950 et
942 3891 1096 3966 perspiene

17 3997 79 4050 trae
100 3993 210 4050 ratione
230 3990 398 4048 enuntietur.
447 3992 596 4059 Quomodo
621 3993 697 4053 enim
723 3993 828 4054 dieitur
854 3991 918 4066 qula
942 3991 1096 4070 gloriatio-

20 4109 89 4154 oem
112 4108 193 4150 snam
213 4109 238 4148 s.
259 4091 372 4164 laudem
386 4097 485 4150 tenere
497 4111 521 4150 s.
538 4095 664 4154 retinere
684 4091 729 4160 eie
749 4089 806 4156 adr
826 4087 957 4171 §reponi
988 4091 1095 4160 onom

21 4205 50 4254 et
74 4197 124 4254 νὴ.
147 4187 231 4269 ἔχειν
252 4199 281 4250 et
300 4194 535 4266 praepositionem
564 4191 606 4256 eie
625 4197 656 4254 iu
676 4201 796 4270 unoque
816 4193 942 4253 membro
963 4197 1093 4256 diversi-

22 4298 109 4358 mode
140 4294 261 4372 intelligi
286 4295 414 4354 volueris
443 4294 491 4369 (nt
520 4293 563 4360 eit
588 4291 647 4356 rtis
672 4296 792 4375 iratior:
826 4300 934 4356 eontra
965 4297 1093 4356 autrum
