2772 4962
276 431 354 502 174
412 431 521 518 Epist.
541 429 569 498 1.
592 432 636 500 od
658 428 832 498 Thessali.
858 429 897 499 G.
913 429 957 500 V.
979 429 1021 500 V.
1036 429 1212 524 tes-28.

269 606 382 668 stationi
402 605 549 681 praebere.
590 603 654 666 utu
675 602 749 664 enlm
770 607 855 665 iidem
876 607 1105 681 presbuerorum
1131 605 1219 678 huius
1238 610 1337 667 ecclc-

270 710 331 770 siae
352 710 467 768 minime
487 714 649 782 suspectam
669 706 804 766 habuisse
823 708 937 766 videtur
958 709 1025 786 (vd.
1046 723 1133 782 supra
1159 709 1339 788 v.12.sq.],

269 813 387 872 forsitan
409 817 502 869 tamen
523 811 685 886 verebatur,
706 825 743 869 ne
763 809 803 868 llli
825 811 960 868 suficere
981 809 1184 889 existimarent,
1203 812 1230 872 si
1248 815 1338 874 Chri-

268 915 370 974 stianis
390 913 514 988 singulis
542 911 688 984 epistolam
712 913 874 988 traderent,
899 912 1020 970 modern
1047 928 1114 970 curu
1141 914 1206 972 aliis
1231 916 1338 972 sensim

268 1017 431 1090 sensimque
456 1011 722 1090 communicaturis,
748 1013 796 1072 ubi
823 1015 910 1072 lacile
929 1015 992 1072 fleri
1011 1018 1138 1092 poterat,
1164 1021 1196 1073 nt
1220 1015 1338 1074 multum

267 1117 402 1190 temporis
422 1115 591 1188 elaberetur,
610 1114 773 1190 priusquam
796 1113 924 1188 plurimis
943 1115 1144 1192 innotesceret,
1163 1133 1255 1190 neque
1274 1119 1340 1173 siu-

267 1221 329 1296 guli
350 1234 448 1277 ornnes
469 1231 532 1273 eam
553 1217 725 1288 acciperent.
767 1217 874 1275 Maluit
893 1217 981 1294 igitur
996 1218 1173 1292 presbyteris
1193 1219 1339 1296 negotium

268 1321 456 1393 demandare,
482 1317 582 1376 sedulo
604 1319 737 1394 curandi,
757 1324 792 1376 ut
813 1321 938 1393 epistole
959 1325 1039 1397 toto,
1066 1322 1221 1398 omntdm,
1242 1326 1339 1379 coetui

268 1425 462 1498 conprepoto,
483 1421 587 1496 polam
605 1421 806 1496 proelepatur.
849 1420 910 1479 Cir.
934 1421 1098 1499 Colora4,
1116 1421 1166 1480 16.
1209 1422 1338 1497 [Eodem

267 1523 429 1600 significatu
441 1523 589 1580 recitandi
610 1515 901 1602 ἀναγινώσκειν
921 1520 977 1578 dio.
990 1523 1115 1600 troas,
1129 1521 1179 1581 16.
1200 1524 1339 1582 ILCorr.

267 1627 303 1706 3,
318 1627 367 1683 15.
399 1623 537 1699 chcplt.
564 1639 704 1683 mort.
719 1621 758 1704 4,
773 1625 807 1695 2,
822 1625 894 1702 20„
922 1638 1081 1698 quanquam
1102 1623 1169 1680 alibi
1197 1625 1339 1698 simplici-

268 1733 324 1784 ter:
346 1725 457 1802 legere,
476 1740 505 1782 v.
518 1741 545 1782 c.
566 1726 676 1785 Muttlt
687 1727 750 1805 24,
763 1726 814 1784 15.
840 1725 1042 1806 Jo.1e,eo.)
1083 1726 1252 1783 Accedebat
1273 1731 1340 1784 sor-

267 1829 355 1904 sitau,
387 1827 462 1902 quod
493 1827 666 1904 presbyteri,
698 1825 752 1886 nisi
778 1828 936 1900 Apostolus
967 1842 1029 1888 rem
1054 1835 1186 1901 serperet:
1219 1819 1338 1904 ὁρκίζω

268 1921 355 2008 ipsc
376 1934 431 1988 etc.
457 1929 495 1986 de
514 1927 571 1985 hac
591 1929 712 2000 epistola
736 1929 828 2003 palaru
851 1944 947 1984 coram
969 1932 1052 1985 coetu
1073 1929 1269 2004 praelegenda
1289 1935 1340 1986 sa-

268 2033 324 2088 rile
343 2030 490 2088 haesitare
509 2029 681 2106 potuissent,
701 2035 817 2104 propter
838 2031 921 2086 etlata
940 2030 1090 2105 nonnulla,
1115 2046 1189 2106 quae
1210 2031 1248 2088 ad
1274 2032 1339 2088 siu-

267 2133 354 2207 gnlos
374 2130 512 2204 quosdam
535 2129 712 2188 Christianos
733 2130 922 2207 corrigendos
942 2132 1120 2206 respicerent
1140 2131 1189 2208 (d,
1205 2133 1235 2189 3.
1250 2151 1293 2205 sq.
1309 2135 1340 2195 5.

268 2231 320 2290 at.
334 2231 413 2308 sq),
441 2229 608 2305 praesertim
640 2248 727 2307 quum
756 2231 835 2290 haud
867 2232 1015 2309 deessent,
1046 2233 1096 2308 qul
1128 2235 1339 2292 observantiam
1373 2277 1374 2300 2

266 2333 441 2409 presbyteris
466 2332 587 2392 debitam
614 2334 814 2412 negligerent,
838 2349 869 2391 v.
890 2332 941 2391 12.
962 2334 1012 2394 13.
1046 2335 1108 2395 Cir.
1134 2335 1274 2416 Bensou
1300 2339 1338 2395 ad
1373 2337 1374 2410 ἶ

266 2434 295 2494 h.
318 2435 337 2493 l.
379 2437 428 2494 An
449 2437 525 2496 sorte
543 2434 660 2508 insuper
686 2436 851 2512 singulares
879 2435 955 2494 llllus
981 2435 1179 2495 solllcitudinis
1204 2438 1340 2512 Apostoli
1373 2417 1374 2443 ³

268 2553 375 2596 causae
396 2537 514 2614 mertui,
538 2537 575 2596 iis
596 2537 778 2612 coniunctae,
799 2553 873 2613 quae
898 2539 944 2597 Π.
960 2537 1189 2618 Thosotl.2,2.
1216 2540 1254 2597 de
1275 2543 1343 2613 epi-

267 2641 341 2698 stola
366 2641 441 2700 salsa
466 2640 557 2698 Paulo
588 2639 734 2714 supposita
765 2639 913 2716 dicuntur,
938 2641 1113 2715 ignoramus.
1160 2632 1243 2708 Quo'd
1270 2643 1345 2699 lili-

269 2739 411 2798 obaelis
442 2741 584 2816 coniecit,
615 2741 782 2800 seutentiam
813 2741 897 2798 Pauli
927 2739 1002 2800 hauc
1033 2741 1137 2800 misem
1165 2747 1281 2817 curate,
1314 2753 1346 2802 ut

269 2841 423 2901 Christiani
451 2841 593 2900 Thessali.
625 2858 727 2901 omnes
759 2857 796 2899 ex
827 2844 914 2899 ductu
943 2843 1100 2901 litterarum
1126 2845 1347 2918 subscriptionis

267 2962 351 3005 meae
379 2943 555 3020 intelligant,
581 2943 728 3016 epistolam
755 2959 826 3002 vere
852 2959 871 3000 a
898 2959 944 3001 me
969 2947 1129 3017 protectam
1160 2963 1241 3022 mse,
1274 2950 1348 3006 dass

267 3048 362 3108 meine
382 3046 466 3106 Hand
487 3051 688 3122 recopnoscirt
706 3046 823 3122 werde,
843 3047 1021 3122 argumentis
1040 3047 1150 3104 idoneis
1171 3049 1347 3108 destituitur.

164 3169 166 3176 ·
267 3151 324 3207 Vb.
353 3149 456 3224 quippe
482 3140 720 3225 ἀναγινώσκειν
750 3149 817 3206 alibi
847 3147 1014 3222 simpliciter
1039 3148 1088 3206 vel
1115 3149 1152 3206 de
1176 3149 1350 3226 legentibus

266 3251 315 3308 vel
337 3251 374 3309 de
394 3251 626 3326 praelegentibus
645 3256 808 3325 usurpatur,
828 3267 922 3324 neque
942 3253 1062 3325 constat,
1082 3251 1267 3328 Apostolum,
1289 3271 1349 3325 quo
1372 3327 1373 3332 η

266 3358 393 3424 ternpore
411 3354 512 3426 ,otuu
527 3354 590 3409 ricc
602 3351 906 3412 'thessalonicensibus
927 3352 1075 3428 scriberet,
1095 3353 1233 3410 eiusmodi
1255 3357 1350 3412 trau-

266 3453 346 3530 dem,
367 3468 440 3526 quae
462 3451 608 3525 epistolam
629 3451 749 3510 alienam
771 3453 827 3526 lpsl
847 3457 1027 3530 supponeret,
1047 3453 1182 3510 babuisse
1203 3469 1351 3528 comper-

266 3557 332 3612 tam.
376 3553 525 3629 Ceterum,
545 3552 620 3626 quod
642 3557 708 3610 ante
735 3545 922 3630 ἀδελφοῖς
949 3557 1039 3626 vulgo
1061 3557 1174 3614 additur
1200 3547 1352 3634 ἇγιόις,

266 3670 431 3730 quanquam
451 3655 480 3710 iu
501 3653 629 3726 pluribus
649 3655 741 3711 bonae
762 3659 845 3712 notae
873 3657 956 3713 codd.
984 3657 1110 3730 itemque
1136 3674 1229 3714 verss.
1258 3662 1295 3718 lt
1323 3674 1350 3716 er

266 3757 401 3830 Aetlriop.
424 3759 452 3812 et
479 3756 553 3828 apud
579 3757 736 3814 Damaso.
770 3757 928 3814 Ambros.
959 3758 1119 3816 Cassiod.
1150 3759 1352 3820 desideratur.

265 3861 353 3920 textui
374 3857 574 3916 vindicandum
596 3873 761 3930 censemus,
781 3857 920 3931 siquidem
942 3861 1046 3917 nullam
1068 3859 1152 3917 habet
1172 3861 1353 3936 glossema-

266 3965 302 4020 tis
328 3961 470 4036 speciem,
496 3975 551 4036 quo
584 3961 685 4018 vocab.
713 3952 864 4034 ἀδελφοῖς
889 3961 1003 4019 minime
1035 3963 1190 4038 indigebat.
1243 3964 1354 4020 Causa

266 4063 427 4120 omissionis
447 4061 554 4134 duplex
576 4077 641 4122 esse
661 4059 762 4137 potuit,
788 4061 837 4118 vel
864 4061 966 4120 calami
995 4077 1076 4122 error
1097 4078 1133 4119 ex
1154 4058 1353 4120 similitudine

266 4165 385 4222 vocabb.
412 4153 518 4244 ἁγίοις
542 4166 572 4220 et
596 4157 747 4240 ἀδελφοῖς
775 4161 925 4240 oriundus,
945 4163 1010 4238 vel,
1035 4164 1111 4238 quod
1136 4161 1211 4220 baec
1238 4157 1372 4220 verbis*

267 4263 427 4322 sauuncoo
449 4255 508 4346 ep.
532 4257 580 4324 aa
616 4263 710 4321 atreus
730 4263 917 4326 craeseus
937 4279 1048 4342 genere
1073 4265 1187 4328 neena
1207 4236 1372 4328 camna*
