2726 4956
256 481 338 554 eei
406 483 563 573 Epistola
583 485 628 551 ud
650 483 803 551 duleus.
831 481 871 550 G.
893 477 939 552 Π.
967 478 1010 550 V·
1036 477 1207 552 ll--ld

254 661 457 722 eoncedemue
505 659 613 730 Quodsi
633 659 790 718 emtionem
816 663 979 716 oontexlem
1005 673 1035 714 v.
1053 655 1105 715 11.
1131 672 1235 731 presso
1260 658 1324 731 podo

254 765 415 842 sequimur,
444 761 523 821 bend
549 761 634 820 dubie
667 761 760 820 oriris
785 759 889 819 ieelorl
914 763 1018 834 sponte
1048 760 1166 818 offertur
1191 761 1326 817 sententie

254 865 386 941 Koppil
417 863 572 941 Borgorl
610 863 787 940 eliorumque
818 863 879 920 init
910 863 1012 936 quibus
1043 861 1168 919 nerretio
1200 862 1326 932 Apostoli

255 985 314 1028 non
341 965 462 1026 rediisse
483 967 521 1024 od
548 971 677 1040 tempore
696 969 763 1023 ente
787 963 943 1039 synodum,
970 963 1055 1022 bomo
1081 977 1242 1038 progressu
1268 979 1326 1019 esse

255 1071 370 1130 videtur
391 1068 431 1126 ed
452 1067 594 1126 eiusmodi
613 1083 674 1128 rem
696 1071 826 1143 gestem,
852 1079 925 1140 prmo
951 1067 1124 1122 eonventum
1144 1062 1328 1133 Hierosolym.

258 1187 326 1230 mox
346 1169 436 1230 tuerit
460 1171 621 1244 insequuto.
668 1167 777 1225 Penius
798 1171 826 1225 et
846 1167 1011 1242 Beruebes,
1039 1169 1185 1224 eonventrl
1210 1177 1329 1242 pererro„

256 1271 442 1333 Antiochiam
469 1271 630 1346 reliierunt,
655 1273 778 1340 testante
803 1269 893 1329 lateo
918 1267 998 1328 Aeli.
1013 1268 1067 1350 15,
1081 1269 1135 1327 83.
1155 1281 1222 1343 epp.
1252 1267 1329 1342 (nillil

258 1373 372 1447 quidem
398 1367 566 1445 perhibente
591 1371 628 1430 de
653 1371 701 1429 iiie
728 1372 808 1431 Petri
834 1375 863 1430 et
889 1369 971 1430 Penii
998 1369 1225 1446 controversie).
1272 1369 1330 1425 Ner

254 1479 364 1534 temere
384 1473 551 1533 observavit
570 1473 696 1545 Koppe
720 1474 759 1532 ed
780 1473 809 1531 b.
827 1473 849 1532 i.
869 1469 948 1532 illem
969 1471 1112 1545 pubiicum
1132 1469 1212 1530 Petri
1232 1487 1329 1544 repre-

255 1575 439 1654 hensionem,
472 1589 547 1650 quse
578 1574 666 1634 sireui
695 1575 856 1634 Bernebem
886 1577 999 1634 noteret
1036 1572 1111 1650 (err.
1132 1585 1163 1630 v.
1183 1571 1235 1630 13.
1253 1569 1327 1650 it),

256 1681 392 1736 eonterre
413 1677 520 1751 eiiqrrid
539 1676 668 1752 petresse
688 1677 726 1738 nd
747 1675 900 1736 dissidium
920 1675 1004 1735 Peuli
1025 1679 1053 1734 et
1069 1674 1233 1748 Bernetee,
1255 1676 1327 1732 cuius

253 1779 362 1840 menllo
384 1781 464 1838 seete
483 1777 564 1840 Aeli.
578 1780 634 1859 16,
647 1781 701 1838 89.
744 1775 890 1858 [Diutius
909 1782 979 1853 poet
999 1781 1173 1836 eonvenlum
1191 1775 1326 1836 memmi.

255 1881 485 1940 memororum
517 1881 654 1942 Antioeb.
681 1881 826 1940 eeeldisse
853 1879 1010 1938 oonlleluni
1043 1877 1190 1938 duumviri
1224 1880 1326 1937 erudiri.

256 1985 289 2042 c.
316 1981 507 2044 sebreder
534 1987 564 2040 el
588 1983 623 2040 F.
649 1979 825 2056 Koelrler‚
857 1981 926 2042 llle
960 1979 1075 2055 quidem
1101 1981 1132 2040 in
1158 1979 1251 2040 libro:
1282 1984 1326 2036 dr

253 2083 381 2160 Apootet
409 2085 528 2144 Polline
558 2084 593 2144 Τ.
613 2085 642 2142 1.
674 2102 710 2158 p.
731 2085 807 2143 126.
826 2097 890 2160 suu.
921 2097 996 2141 euno
1016 2078 1067 2138 dli.
1100 2095 1188 2155 anmr
1218 2081 1327 2147 Penius,

254 2183 374 2258 llpheso
402 2185 577 2261 eliquemdiu
603 2185 770 2262 digressus,
798 2183 862 2242 eliis
882 2183 1051 2262 regionibus
1076 2182 1173 2241 mullis
1196 2181 1327 2254 melem,

253 2287 471 2361 lilerosolymes
491 2289 595 2346 lterum
615 2286 749 2361 mosne,
777 2286 855 2344 unde
881 2300 948 2344 eum
967 2287 1055 2345 Petro
1075 2283 1205 2344 venisset
1225 2283 1332 2344 Aelio-

254 2387 371 2464 ollem,
401 2405 476 2464 quee
509 2389 613 2448 llinore
645 2387 744 2446 Lenes
777 2402 816 2446 ex
845 2387 987 2446 senten&
1018 2384 1229 2446 Sobrederl
1255 2386 1332 2446 Acii.

255 2491 311 2570 19,
324 2494 377 2552 20.
399 2491 516 2552 silentio
536 2489 661 2569 uendit,
682 2487 742 2548 hie
763 2503 835 2548 vero
855 2488 885 2548 in
906 2489 925 2547 l.
943 2490 1078 2549 Versuei
1097 2491 1174 2548 oller
1194 2491 1246 2548 die
1266 2489 1332 2548 Al-

255 2591 461 2669 summme
481 2595 536 2654 dor
555 2593 763 2669 ernistolieeben
782 2589 942 2666 Seiuifleo
962 2597 1016 2651 eto.
1037 2609 1069 2666 ρ.
1086 2593 1142 2651 88.
1160 2607 1227 2668 sup.
1250 2607 1332 2664 quum

257 2694 366 2752 Pedius
387 2709 423 2755 eo
444 2699 571 2768 tempore
586 2693 760 2753 Antioohiae
781 2697 961 2766 retentetur,
990 2691 1027 2749 de
1048 2691 1332 2770 qquell.18,23.

256 2809 352 2856 sermo
393 2801 463 2874 est,
499 2798 648 2870 postquem
691 2795 900 2867 Hierosolymis
942 2793 1146 2870 dmoesebset,
1191 2792 1334 2868 siquidem

256 2899 297 2957 V.
325 2896 488 2958 Koeblel·
520 2897 626 2972 titique
657 2897 837 2971 perticipium
871 2887 1008 2976 ἆναβᾶς
1034 2911 1064 2952 v.
1085 2893 1136 2952 ἥ.
1167 2895 1208 2954 lie
1233 2897 1333 2954 itinero

253 2999 370 3062 Hieros.
393 2999 625 3073 interpretentur.
673 3001 785 3058 Verum
813 2996 961 3056 enimvero
987 3001 1017 3054 et
1045 2999 1229 3072 argumentis
1266 3015 1334 3071 quse

252 3101 402 3160 sullloiunt
435 3103 641 3176 destituuntur,
673 3115 747 3174 quoe
782 3101 819 3159 de
851 3103 972 3172 udoque
1004 3097 1054 3158 illo
1081 3099 1184 3158 itinere
1222 3101 1333 3159 Hieros.

252 3203 416 3278 perbibent,
438 3207 468 3260 et
486 3204 570 3277 pluro
589 3203 746 3276 impediunt
766 3219 822 3277 qno
843 3201 937 3260 minus
963 3199 1088 3260 nernlio
1108 3200 1195 3260 Peoli
1216 3205 1259 3262 ed
1277 3203 1334 3260 Gal.

255 3307 287 3363 C.
304 3307 344 3362 11.
366 3307 404 3363 de
424 3305 562 3364 elterutro
583 3302 685 3362 horum
706 3304 836 3362 itinerum
858 3301 1045 3378 intelligetur.
1088 3302 1150 3361 Cir.
1163 3318 1242 3377 quae
1265 3307 1334 3364 bre-

253 3406 329 3462 viter
355 3403 385 3462 ln
411 3407 599 3483 prolegomm.
625 3404 775 3464 docuimus
796 3403 827 3479 β.
848 3401 889 3480 e,
907 3403 1025 3462 uberius
1044 3404 1075 3462 ln
1094 3404 1115 3463 1.
1142 3407 1335 3478 Erdrterunu
1361 3411 1362 3420 ¹

255 3508 368 3583 meyer
394 3509 552 3584 wiebtipen
577 3507 747 3582 ebronolou.
768 3506 888 3566 Pumite
914 3509 948 3564 ier
974 3509 1030 3565 der
1050 3507 1337 3582 demaenetum

254 3611 307 3668 des
327 3609 444 3668 Pullius
463 3615 519 3668 ele.
540 3612 576 3684 5.
593 3612 625 3667 d.
646 3613 677 3668 7.
697 3606 752 3687 8.]
794 3609 944 3683 celerum,
964 3607 991 3666 sl
1011 3608 1075 3681 quis
1094 3608 1124 3666 iu
1145 3624 1181 3667 eo
1203 3609 1335 3670 heereal.

255 3713 331 3786 quod
351 3711 465 3785 Petrum,
486 3709 535 3784 qui
553 3711 769 3784 persuasionem
796 3711 834 3768 de
865 3707 976 3784 subluto
996 3709 1176 3768 Judeeorum
1198 3709 1337 3787 Pegeno

253 3829 375 3890 rumque
407 3811 572 3872 diserimlne
608 3817 694 3887 etque
731 3811 770 3870 de
801 3810 930 3868 libertete
961 3807 1193 3872 cirrisflenorum
1221 3828 1243 3870 e
1273 3813 1336 3884 lege

255 3915 332 3976 Moe.
361 3913 537 3974 eerlmonlnll
562 3913 592 3972 in
620 3919 763 3973 eonventu
788 3911 1047 3985 Hierosolymiteoo
1073 3913 1205 3991 ingenue
1230 3913 1337 3971 decla-

254 4023 349 4076 resset
376 4015 476 4095 (Aeu.
499 4013 724 4095 16,7.equ.),
750 4014 921 4088 paulopost
944 4013 1119 4074 Auliooblee
1149 4014 1261 4076 iterun
1290 4015 1338 4072 in-

254 4117 375 4178 dulserit
394 4117 700 4178 Judeeo-Chrlstienls
719 4117 926 4194 severioribus,
945 4117 1057 4192 eodem
1076 4117 1192 4194 opinor,
1219 4117 1289 4176 iure
1311 4117 1337 4170 ln

255 4220 333 4278 moto
352 4219 430 4278 Petri
449 4219 649 4294 meduverll,
675 4217 701 4277 el
728 4221 795 4277 ente
815 4222 988 4279 eonventum
1012 4219 1155 4278 mulleos
1181 4219 1339 4278 &timo-

255 4322 310 4377 tor.
352 4319 409 4380 ille
429 4320 533 4396 quippo
552 4319 704 4396 persuasio
724 4323 804 4381 reolo
830 4322 920 4398 plius
939 4321 1101 4400 eoollgoret
1121 4321 1224 4398 Petro,
1254 4320 1338 4382 Acll.
