2710 4954
430 451 742 542 Prologomens.
1043 454 1123 526 998

83 624 187 712 broit,
214 647 250 694 so
272 625 396 694 iterata
416 623 508 711 vioe,
534 627 728 718 priusquam
750 625 837 698 banc
865 627 964 713 epist.
995 628 1121 700 scribe-

81 735 138 814 ret,
163 729 248 813 apori
275 725 418 793 Galatas
444 725 551 794 troisse
559 773 568 805 ,
596 753 638 797 ex
664 731 859 799 narratione
885 730 1003 798 Lucae
1029 731 1121 799 Aret.

85 827 202 914 lim.
228 829 486 914 interpretatur,
513 830 570 896 ubi
593 831 739 918 Paulus,
768 839 943 920 postquam
973 853 1016 900 ex
1037 832 1121 900 urbe

80 929 188 1012 Lystra
207 951 269 1017 per
289 929 442 998 «ludaeos
464 951 506 998 ex
526 931 710 1000 Antiochia
730 940 766 1000 et
786 933 900 1000 loonio
924 933 990 1000 huc
1010 933 1121 1018 prose·

79 1039 139 1096 otoo
157 1031 316 1119 depulsos
337 1031 472 1098 Derben
495 1033 636 1101 adiisset
657 1031 842 1121 (14,19.),
864 1057 941 1100 mox
962 1034 1122 1116 Lystram

78 1133 200 1204 rediisse
221 1133 428 1222 perhibetur.
472 1125 669 1224 Quanquam
689 1136 775 1224 haec
796 1135 969 1222 ingeniose
991 1145 1026 1204 at
1048 1158 1123 1204 cru·

78 1233 386 1324 attemperantur,
418 1236 592 1322 quaeritur
623 1245 752 1326 tamen,
779 1259 823 1304 11
850 1245 1003 1324 tempore
1031 1238 1123 1324 Apo-

77 1337 176 1406 stolico
203 1339 262 1406 bio
288 1359 370 1404 usus
397 1335 554 1426 loquendi
580 1343 621 1408 io
645 1361 801 1408 semaco
825 1342 916 1406 11311
941 1344 1126 1408 commonet

76 1457 180 1506 revere
199 1439 397 1523 obtinuerit,
423 1445 461 1506 ut
482 1439 545 1506 sub
570 1439 711 1508 Galatis
729 1441 933 1528 sempliciter
954 1443 1055 1510 do'etie
1074 1443 1123 1509 illi

76 1540 155 1609 Neo·
167 1541 322 1612 Galatae
353 1539 640 1628 intelligerenturt
690 1541 732 1608 Id
759 1545 847 1632 quod
879 1543 1008 1630 effatis,
1036 1566 1122 1633 quae

75 1638 255 1730 habentor,
277 1641 476 1728 scriptorum
499 1641 715 1728 profanorum
741 1645 888 1710 nondum
915 1647 1124 1712 demonstra·

74 1747 129 1810 tuur
147 1743 292 1814 videtur.
335 1743 374 1810 ln
395 1742 490 1810 libris
512 1751 606 1812 certe
626 1745 669 1810 N.
691 1745 732 1812 F.
762 1745 819 1812 vix
846 1749 1035 1831 putaverim
1064 1769 1124 1814 ao·

74 1865 135 1912 mea
158 1846 314 1916 Galatae
340 1845 423 1929 (alia
449 1867 534 1914 voca
561 1845 655 1914 nulla
681 1869 753 1914 rem
783 1847 978 1914 accuratius
1009 1847 1123 1914 delini·

74 1955 137 2016 ente
164 1949 297 2034 addita)
331 1949 372 2014 de
405 1946 525 2014 incolis
553 1947 749 2029 Lycaoniae
776 1957 974 2036 usurpatum
1003 1947 1124 2036 fuisse,

72 2047 217 2139 siquidem
240 2049 357 2118 Lucas
384 2048 476 2116 Aca.
499 2046 561 2135 16,
586 2047 702 2118 1-6.
734 2051 858 2138 oppida
878 2051 964 2133 Lyn.
986 2051 1124 2120 Derbeu

71 2159 99 2216 ei
121 2151 298 2236 Lystram,
333 2148 453 2218 deinde
482 2147 546 2232 τὴν
582 2151 733 2241 Φρυγίαν
762 2155 819 2218 καὶ
845 2151 909 2228 τὴν
934 2151 1126 2235 laborante

69 2247 164 2343 χώραν
185 2252 372 2343 separatim
401 2263 649 2321 commemorat.
685 2253 756 2322 Gir.
784 2251 846 2340 18,
865 2253 929 2322 113.
978 2255 1124 2343 Deinde,

72 2377 154 2442 qoam
175 2381 218 2425 ex
241 2353 414 2422 sententia
434 2353 478 2422 V.
500 2355 599 2422 Pauli
619 2355 656 2441 (l.
680 2355 719 2442 1.)
747 2357 792 2422 ad
821 2356 897 2422 illos
918 2357 1124 2426 Neo-Gala·

71 2464 132 2544 tas,
152 2459 276 2550 quibus
305 2456 479 2543 epistolam
502 2457 664 2544 scriptam
687 2458 875 2545 existimat,
903 2459 1005 2525 etiarn
1025 2461 1124 2530 Ber·

70 2556 169 2629 toea
188 2559 426 2650 pertinuerint,
448 2559 580 2625 omnino
599 2581 665 2626 noa
681 2561 791 2646 potnit
805 2561 1001 2648 Apostolus,
1023 2583 1124 2650 quarn

73 2657 199 2750 (1114,
220 2661 285 2730 13.
312 2661 483 2746 innueret,
511 2682 550 2727 se
571 2657 623 2726 bis
642 2659 748 2730 fuisse
779 2663 868 2730 inter
890 2663 1052 2749 Galatas,
1081 2667 1124 2732 ds

70 2759 117 2827 illa
133 2785 169 2833 re
189 2771 296 2851 gesta
322 2763 412 2832 Aca.
439 2761 500 2849 14,
519 2760 584 2829 21.
614 2764 777 2850 cogitare.
824 2764 948 2853 Immo,
976 2767 1007 2832 si
1032 2767 1124 2853 Apo·

69 2864 160 2932 onius
179 2863 331 2934 Derbea
353 2883 482 2954 qaoque
505 2867 548 2932 etl
570 2865 742 2934 Galatiam
770 2889 873 2934 sensu
900 2867 1053 2953 ampliori
1075 2867 1123 2933 di·

71 2966 527 3044 ctemreferebat,1lerben
561 2967 735 3055 proiectus
763 2969 890 3053 paritor
917 2975 1022 3056 atquo
1055 2968 1124 3050 Ly-

70 3067 670 3158 1111111111Ν11-01111111111111.
719 3069 877 3138 Getarum
905 3077 1000 3136 recte
1029 3069 1124 3136 dobi-

70 3171 160 3258 tatur,
181 3195 226 3240 an
250 3171 330 3239 loca
350 3172 550 3258 scriptoram
572 3177 655 3236 vett.
677 3168 817 3238 laudata
836 3193 959 3239 revera
980 3171 1045 3238 boo
1067 3172 1126 3237 olo·

70 3273 201 3359 crerint,
230 3277 322 3360 quod
349 3273 398 3339 illi
425 3273 539 3340 inesse
567 3271 777 3357 existimant,
803 3293 941 3340 nomen:
976 3271 1126 3350 Galatia.

70 3372 358 3461 translatumesse
386 3376 428 3441 ad
457 3373 614 3458 regiones
642 3373 801 3456 Lystram
831 3382 866 3440 et
893 3373 1031 3441 llerbea
1060 3375 1126 3442 cir·

70 3478 311 3562 comiacentes,
347 3477 409 3543 cfr.
454 3473 647 3542 Riickert
684 3475 900 3544 commentar
937 3475 1026 3544 iiber
1058 3479 1127 3544 dm

68 3571 173 3663 Bn'ef
189 3603 241 3648 un
269 3579 329 3646 dio
354 3575 435 3644 Gal.
461 3575 584 3666 1111111.
611 3575 727 3644 1833.
757 3600 789 3664 p.
812 3575 903 3643 297.
924 3601 975 3666 sq.
1027 3577 1126 3653 Quod

70 3673 127 3744 ulis
145 3686 348 3767 argumenta
369 3678 505 3763 attinet,
527 3678 647 3766 quibus
668 3680 845 3764 probatum
868 3678 1013 3764 iverunt,
1034 3681 1126 3764 Apo-

70 3779 179 3848 rtolunr
201 3781 261 3849 illo
284 3781 405 3848 itincre
426 3779 540 3862 (Aea.
567 3777 630 3865 14,
652 3777 704 3867 6.)
733 3779 877 3849 Galatas
904 3780 1126 3866 convertisse,

71 3880 197 3960 trimum
221 3883 368 3972 quidem,
390 3885 479 3970 quod
500 3880 628 3949 Paulus
651 3904 703 3967 cp.
726 3885 769 3948 ad
796 3881 878 3948 Gal.
894 3879 931 3967 11,
948 3879 1009 3947 13.
1042 3883 1127 3950 Bar-

70 3981 179 4052 111111
201 3993 460 4071 commemorat,
482 3983 616 4052 minime
638 3983 749 4070 ponit,
778 3981 970 4050 Barnabam
993 3981 1128 4054 Galatis
1269 3997 1271 4007 '

70 4079 223 4168 defaois
251 4086 454 4171 innotuisse,
482 4107 548 4153 neo
575 4089 800 4163 demonstrat,
830 4083 917 4151 bunc
945 4083 1044 4152 Pauli
1074 4111 1127 4155 so·

70 4181 146 4252 cium
171 4189 244 4278 (qui
270 4195 455 4275 praeeunte
489 4182 860 4273 Aca.15,36-³9.
889 4206 955 4253 111
984 4189 1128 4276 amplior

73 4295 153 4354 esset
172 4289 205 4355 in
229 4290 406 4360 comitibus
426 4286 543 4376 Pauli,
569 4311 635 4377 quo
657 4297 808 4375 tempore
830 4285 894 4358 iter
916 4287 1064 4378 faceret,
1086 4295 1128 4362 o·
