2710 4954
231 409 315 482 288
620 407 927 497 Prolegomcna.

229 603 318 650 mam
341 579 508 670 evangelii
530 573 771 651 institutionem
792 585 1016 671 acceperant,
1037 579 1224 650 effecerunt
1245 588 1300 648 ta-

230 705 307 752 men
334 685 433 752 huius
459 683 595 772 generis
621 686 779 753 doctores
810 686 854 751 ad
881 683 1096 752 Judaisrnum
1122 682 1306 770 proclivio-

231 807 306 874 res,
339 789 469 856 artibus
503 788 608 855 variis
635 787 708 874 usi,
735 787 877 854 absente
903 783 1030 872 Paulo,
1057 794 1096 854 ut
1128 807 1308 852 sermones

232 910 312 956 suos
343 889 495 957 libertati
529 889 795 956 Christianorum
825 895 1054 976 repugnantes
1095 887 1132 955 iu
1170 889 1307 954 animos

230 989 410 1057 multorum
442 991 668 1078 insinuarent,
702 991 811 1082 iisque
841 992 1086 1079 persuaderent
1117 989 1237 1076 (verba
1271 999 1309 1057 et

231 1090 326 1159 faeta
351 1091 450 1159 Pauli
483 1093 629 1179 maligne
659 1091 926 1182 interpretando,
954 1089 1126 1181 falsasque
1159 1094 1201 1159 de
1229 1091 1308 1158 eius

231 1193 303 1264 vita
325 1201 360 1262 et
385 1193 466 1260 latis
492 1195 705 1262 narrationes
731 1195 954 1282 spargendo),
981 1191 1122 1263 Paulum
1150 1216 1217 1260 non
1244 1217 1306 1262 ve-

231 1315 307 1363 ram
339 1318 418 1363 csse
449 1295 535 1364 Jcsu
569 1295 741 1383 legatum,
768 1295 908 1385 eiusque
941 1294 1052 1363 effatis
1084 1295 1185 1363 fidem
1212 1295 1309 1364 haud

232 1397 471 1484 praebendam.
515 1397 598 1465 lnde
619 1398 764 1486 faottun,
791 1407 828 1466 ut
856 1406 973 1466 coetus
1003 1397 1063 1466 ille
1089 1397 1309 1466 Christianus

231 1499 382 1566 dissidiis
409 1499 524 1565 multis
552 1500 818 1588 distraheretur,
846 1499 936 1567 haud
957 1501 1075 1587 paucis
1097 1500 1219 1590 quippe
1240 1499 1311 1568 Ju-

232 1602 362 1669 daismo
383 1601 592 1689 cedentibus,
615 1603 690 1672 aliis
711 1603 813 1689 (inter
834 1601 1207 1670 Ethnico·Cbristiaaos
1227 1603 1310 1691 qui·

233 1705 323 1790 dem)
349 1703 540 1770 libertatern
568 1725 591 1770 a
617 1703 695 1792 lege
717 1704 871 1772 Mosaios
902 1703 1013 1771 acrias
1036 1704 1313 1772 defendentibus.

231 1805 299 1883 uui
319 1827 432 1874 rerum
448 1803 680 1873 Galatioarnm
702 1813 813 1874 status
834 1827 932 1894 quum
953 1805 1118 1892 Apostolo
1139 1806 1311 1873 innotuis-

232 1915 296 1995 set,
319 1909 382 1973 has
400 1907 533 1974 litteras
548 1911 593 1975 ad
605 1908 749 1974 Galatas
771 1907 875 1994 dedit,
897 1908 1182 1976 etauctoritatem
1206 1929 1312 1978 snam

232 2009 453 2097 apostolicam
482 2017 517 2076 ct
550 2009 792 2077 institutionem
828 2019 946 2077 eontra
978 2011 1195 2079 aduersarios
1226 2011 1313 2077 illos

232 2111 453 2194 (tricaturae,
481 2131 667 2199 pacemque
696 2119 845 2178 mutuum
878 2112 1106 2180 restituturus·
1155 2111 1211 2181 Ac
1237 2115 1316 2200 pri-

233 2233 323 2280 rnum
346 2211 480 2301 quidem
502 2211 541 2278 C.
558 2209 586 2278 Ι.
603 2209 649 2277 11.
672 2231 819 2299 summa,
847 2235 914 2302 qua
931 2235 994 2300 por
1015 2212 1158 2282 Galatas
1179 2215 1318 2282 multos

234 2336 257 2381 a
278 2335 360 2382 rora
383 2311 550 2398 evangelii
578 2313 732 2380 doctrina
759 2314 977 2384 deflectentes
1004 2315 1159 2384 adfectus
1188 2317 1316 2406 fuerit,

235 2414 338 2481 animi
360 2413 571 2500 aegritudine
593 2413 712 2502 paucis
734 2416 923 2506 declarata,
952 2420 994 2485 de
1016 2419 1221 2486 auctoritate
1245 2441 1319 2488 sua

234 2516 425 2604 apostolica
444 2515 608 2606 loquitur,
631 2519 814 2608 docetque,
841 2541 896 2607 se,
922 2541 1108 2609 quanquam
1131 2520 1211 2587 olim
1239 2522 1320 2588 fer·

232 2641 316 2688 vore
359 2619 606 2686 inconsiderato
646 2621 693 2686 ad
731 2619 912 2689 ecclesiam
950 2621 1078 2690 Christi
1114 2625 1320 2692 vexandam

232 2720 393 2808 abreptus
415 2720 555 2806 fuisset,
582 2743 701 2790 verum
728 2731 840 2792 tamen
863 2744 941 2792 esse
962 2722 1049 2793 lesu
1069 2723 1241 2811 legatum,
1270 2728 1321 2793 ab

233 2821 308 2910 ipso
330 2821 466 2890 Christo
495 2842 695 2890 conversum
716 2833 752 2894 et
778 2833 951 2912 vocatum,
976 2847 1087 2915 neque
1112 2848 1173 2913 per
1200 2827 1323 2896 homi-

233 2945 295 2993 nes
317 2925 379 2992 sed
400 2923 610 2994 revelatione
631 2928 674 2992 de
696 2927 851 3022 doctrina
870 2927 997 2996 Christi
1017 2934 1113 2995 recte
1134 2929 1321 3018 edoctum,

231 3026 283 3094 ita
305 3035 344 3094 ut
371 3026 416 3094 ab
438 3028 590 3094 omnibus
617 3029 743 3096 ceteris
764 3027 852 3096 lesu
881 3029 1003 3117 legatis
1024 3027 1210 3118 Apostolus
1242 3031 1322 3101 hac

232 3129 408 3217 provincia
429 3131 551 3216 dignus
573 3138 835 3217 agnosceretur,
857 3135 1008 3220 artaeque
1028 3131 1187 3228 Petrum,
1204 3153 1321 3221 quum

230 3230 411 3319 aliquando
436 3231 792 3300 dudeco-Christianis
814 3233 1041 3302 severioribus
1068 3233 1167 3300 nimis
1196 3233 1324 3303 indul-

230 3333 342 3416 gendo
372 3353 492 3418 parum
514 3333 579 3399 sibi
600 3334 826 3422 constitisset,
853 3355 983 3404 summa
1010 3334 1170 3402 orationis
1201 3333 1322 3404 liher-

230 3440 303 3500 tate
336 3454 451 3500 eoram
484 3433 600 3500 multis
633 3443 783 3523 notaret,
815 3437 947 3504 neruine
978 3436 1010 3503 ei
1037 3435 1323 3508 contradicente.

230 3533 363 3603 Deinde
390 3534 429 3602 C.
449 3533 516 3601 ΙΙΙ.
537 3533 598 3603 lv.
616 3533 659 3618 V,
680 3561 713 3605 v.
736 3537 890 3606 1-13.
918 3537 1055 3604 uberius
1082 3537 1323 3626 demonstrat,

231 3639 319 3727 quod
351 3635 460 3724 prima
492 3635 656 3724 epistolae
683 3645 782 3726 parte¹
808 3639 926 3727 paucis
958 3640 1135 3726 tetigerat,
1162 3639 1326 3709 rorissi-

230 3761 318 3806 mam
342 3759 419 3806 erse
443 3739 645 3825 doctrinam,
672 3761 739 3828 qua
766 3741 839 3828 ipse
866 3739 1021 3810 Calates·
1037 3741 1236 3827 imbuisset,
1273 3747 1326 3812 de

229 3839 309 3926 lege
343 3839 498 3908 Mosaios
527 3861 590 3925 per
622 3839 794 3908 Christum
827 3842 970 3910 sublata.
1023 3842 1064 3910 ld
1095 3841 1325 3930 probaturus

231 3941 288 4024 A)
311 3941 454 4010 Galatas
476 3943 685 4030 perpendere
707 3943 816 4029 iubet,
846 3967 992 4031 summa,
1019 3965 1106 4034 quac
1134 3942 1204 4010 iam
1227 3967 1327 4033 pos-

232 4041 380 4130 sideant,
404 4044 569 4112 beneficia
590 4043 737 4133 Spiritus
759 4045 861 4112 divini
882 4069 949 4112 non
970 4045 1048 4132 lege
1066 4044 1226 4113 Mosaioa
1252 4051 1328 4116 oh.

108 4133 113 4154 ⁴
232 4149 416 4232 servanda,
449 4149 510 4213 sed
540 4145 607 4214 fido
638 4144 774 4212 Christo
808 4146 1003 4234 praebenda
1031 4147 1073 4214 iis
1105 4147 1325 4234 contigisse.

231 4242 270 4310 C.
283 4242 346 4330 111,
371 4245 486 4312 1-5.
513 4245 572 4330 B)
588 4248 631 4314 ad
655 4247 842 4336 exemplum
864 4248 1026 4318 Abraami
1047 4256 1228 4338 provocat,
1254 4256 1330 4342 qui
