2802 4956
183 346 237 450 ’,8
322 397 326 408 ·
582 362 900 453 Prolegorncne·

209 532 312 602 laetis
345 532 561 623 conspicuam
593 535 648 624 (Ι.
680 533 848 606 ΤΙιιιιιιΙΙ.
876 531 914 621 3,
942 530 1007 622 a).
1053 532 1162 602 Iidem
1191 545 1276 602 cero

210 657 276 710 non
299 637 474 726 tacebant,
501 635 617 725 plures
643 659 778 724 eorum,
806 635 862 727 qui
888 635 1158 706 Thessalonicae
1180 634 1279 702 Ghri-

212 744 301 812 stum
332 735 587 828 profiterentur,
621 737 656 806 in
688 761 846 826 magnam
879 739 983 806 animi
1017 737 1281 807 sollicitudinem

213 862 290 910 esse
313 840 502 930 coniectos,
531 842 574 908 de
595 848 687 908 sorte
708 839 823 908 futura
845 861 959 908 eorum
982 841 1193 926 dubitantes,
1221 838 1281 927 qui

211 949 292 1012 aute
327 943 472 1016 reditum
499 941 588 1019 ‚lesu
616 941 744 1010 Christi
771 941 956 1012 sollennem
987 944 1100 1032 (quem
1126 940 1281 1028 plerique
1378 979 1379 998 ι

211 1041 371 1160 proxime
384 1043 458 1112 loro
480 1044 733 1162 exspectarent)
760 1043 848 1113 diem
875 1043 1035 1131 obierint,
1064 1063 1129 1110 nee
1157 1044 1282 1110 deesse
1378 1077 1379 1088 ι

211 1143 246 1217 in
269 1144 334 1218 hcc
357 1137 474 1223 coetu,
497 1146 552 1235 qui
575 1145 756 1216 etiamnum
779 1145 831 1210 his
853 1143 965 1214 illisve
992 1145 1095 1211 animi
1117 1143 1238 1213 vitiis
1229 1163 1282 1208 ιιι-

212 1245 374 1329 dulgeoat
407 1265 452 1312 ex
483 1247 681 1333 paganismo
711 1247 918 1333 residuis³),
950 1255 986 1314 et
1021 1245 1125 1315 facile
1157 1246 1286 1314 cedent

212 1345 374 1436 exemplis
395 1346 542 1438 malis,
532 1371 567 1414 ιιι
588 1349 672 1418 urbo
694 1349 871 1437 opulenta,
892 1346 974 1422 luxu
995 1347 1184 1424 diffluente,
1210 1345 1284 1410 fre-
1378 1427 1379 1446 χ

212 1456 354 1538 quantor
375 1449 495 1522 obviis.
539 1449 616 1524 Quo
639 1449 772 1538 quidem
790 1472 907 1522 rerum
931 1456 1023 1518 statu
1041 1448 1176 1534 cognito
1188 1447 1284 1533 Apo·
1378 1447 1379 1536 l

211 1547 320 1624 stolus
341 1551 494 1637 (munere
516 1551 702 1639 apostolico
725 1551 877 1621 Corinthi
899 1551 1063 1628 obeundo,
1084 1573 1148 1641 quo
1171 1549 1285 1619 minus

212 1650 372 1720 statim
362 1674 436 1748 rpse
463 1651 735 1726 Thessalonicen
761 1654 1051 1742 proficisceretur,
1080 1650 1286 1742 prohibitus)
1378 1645 1379 1670 l

212 1747 415 1821 Christianis
449 1757 520 1824 suis
549 1758 805 1846 confirmandis,
838 1755 1073 1842 admonendis,
1100 1751 1286 1824 edocendis

211 1855 353 1954 apotolo
374 1861 547 1936 exuenda
567 1861 746 1938 consuluit

695 2028 731 2127 ι.
765 2026 802 2098 ι.

297 2159 367 2230 Pro
395 2183 489 2240 more
516 2184 579 2234 suo
607 2165 759 2236 ordiendi
786 2160 948 2254 epistolas
975 2160 1285 2234 laodicenorum,

213 2261 270 2352 qui
295 2261 398 2338 laude
426 2262 518 2352 digni
548 2275 680 2354 essent,
708 2267 850 2356 primum
880 2259 1033 2356 quidem,
1053 2265 1128 2332 Deo
1150 2260 1284 2348 gratias
1378 2269 1379 2308 l

214 2385 340 2458 agens,
375 2367 549 2453 egregiam
589 2367 682 2436 illam
720 2368 899 2455 praedicat
935 2367 1174 2451 alacritatem,
1216 2383 1286 2452 qua
1378 2389 1379 2400 ι

214 2465 544 2544 Thessalonicenses
571 2468 707 2540 Christo
739 2470 781 2541 iis
811 2470 964 2538 nuntiato
992 2469 1092 2536 lidcm
1119 2466 1285 2555 praebue-

212 2575 309 2654 rant,
343 2587 525 2660 eorumque
558 2575 597 2639 'et
622 2572 854 2660 persuasionis
882 2580 917 2644 et
945 2571 1072 2640 amoris
1101 2566 1287 2637 Christiani

214 2671 463 2749 constantiana,
498 2672 670 2764 hucusque
708 2674 796 2741 inter
830 2674 1030 2745 vexationes
1063 2670 1287 2760 gravissimas
1378 2707 1379 2728 ι

213 2773 431 2863 praestitam,
464 2773 601 2845 insertis
629 2775 762 2864 quidem
777 2835 781 2848 ,
788 2774 957 2864 pluribus,
991 2797 1079 2864 quae
1105 2777 1149 2844 ed
1177 2773 1286 2862 ipsum

213 2873 416 2964 Apostolum
449 2876 638 2964 pertinent,
666 2885 839 2967 totamque
867 2885 902 2946 et
931 2875 1073 2944 docendi
1101 2883 1136 2942 et
1162 2873 1287 2960 agendi
1378 2879 1379 2893 ¹

213 2973 398 3064 rationem,
427 2998 494 3066 qua
521 2977 793 3054 Thessalonicae
821 3002 904 3048 usus
931 2977 1063 3064 horat,
1097 2978 1130 3048 in
1163 2996 1287 3042 memo-

214 3079 301 3154 riam
334 3079 378 3152 iis
412 3088 587 3154 revocant.
632 3080 670 3150 Ο.
699 3080 728 3148 l.
756 3079 809 3168 ll,
841 3104 874 3149 v.
905 3077 1059 3146 1-16,
1112 3074 1288 3160 Adneetit,

214 3201 303 3276 quae
327 3179 530 3256 desiderium
558 3180 751 3268 significent
778 3183 929 3254 intimum
958 3179 1288 3268 Thessalonicenses

216 3281 380 3358 adeundi.
407 3304 524 3356 euram
550 3282 708 3370 Apostoli
735 3285 776 3350 de
799 3284 909 3356 salute
938 3304 1023 3354 vera
1049 3282 1168 3348 horum
1190 3279 1286 3348 chri-

215 3382 401 3460 stianorum
424 3382 580 3470 solliciti,
609 3407 702 3472 spem
731 3383 855 3452 laetam
884 3385 918 3452 ln
948 3385 991 3450 iis
1018 3381 1180 3472 positum,
1207 3387 1290 3448 vota

216 3484 290 3582 pia,
312 3483 431 3572 quibus
449 3484 560 3560 Deum
582 3484 748 3574 imploret,
770 3493 808 3552 ut
830 3507 889 3552 eos
910 3494 1072 3573 perpetuo
1096 3483 1288 3552 inerescere

216 3586 331 3658 lubeat
357 3585 579 3678 persuasione
606 3609 691 3660 veta
717 3594 752 3652 et
779 3587 904 3658 virtute
934 3587 1138 3655 Christiana.
1183 3585 1221 3652 C.
1242 3583 1289 3668 ll,

214 3685 448 3763 amn-20
486 3687 524 3754 (l.
546 3687 610 3758 ΠΙ.
660 3687 821 3778 Sequithr
841 3711 952 3758 sermo
975 3686 1225 3756 exhortatorius
1246 3687 1290 3751 de

215 3787 409 3886 praeceptis
446 3789 557 3884 vitae,
592 3813 679 3888 quae
706 3790 891 3884 Apostolus
925 3763 1291 3864 Thessalonicensibus
1378 3801 1379 3815 ¹

282 4033 313 4093 t)
330 4033 440 4090 incolas
457 4033 537 4086 imos
554 4032 631 4084 urbis
648 4035 678 4084 st
695 4033 831 4084 arandae
850 4036 881 4086 et
896 4033 1000 4085 lucem
1016 4044 1184 4098 magnopere
1199 4029 1291 4082 hom-

217 4117 290 4180 sirse
317 4121 466 4182 scriptores
489 4121 603 4170 veteres
625 4121 772 4176 ιιιιιιιιιιιι.
814 4116 872 4170 cfr.
895 4121 1060 4182 pracsertim
1081 4117 1209 4168 Ιιιιιιιιιιι·
1230 4115 1291 4165 hu-

218 4204 278 4266 sto·
293 4204 354 4262 avo
371 4205 465 4264 uiuus
481 4217 508 4261 a·
525 4204 648 4267 oc-oa
690 4202 722 4264 Τ.
740 4201 788 4263 vt·
806 4202 851 4264 cd.
867 4205 974 4274 hirone
990 4216 1018 4268 n·
1037 4203 1096 4256 1⁹1·
1113 4211 1173 4265 *ac
