2726 4956
211 405 367 494 Epistola
388 407 432 474 ad
454 405 607 474 Galatas·
635 405 674 475 G.
688 404 714 473 l.
736 403 777 475 V·
798 399 968 474 tit-24.
1045 401 1121 473 351

55 581 129 644 tiont
147 579 327 656 interpretes.
367 579 529 642 nocrimen
550 580 699 658 utriusque
724 581 882 642 sententiae
900 577 979 642 baud
998 579 1040 640 ita
1060 595 1128 641 ma·

55 703 145 764 gnum
167 686 282 759 quidem
304 689 439 762 apparet,
458 673 514 744 uisi
533 685 722 761 Apostolum,
740 699 842 758 porum
856 683 1055 760 probabiliter,
1074 701 1128 758 per

54 789 153 860 piures
175 802 291 846 menses
310 787 359 844 vei
381 787 487 844 diutins
508 785 538 845 in
558 787 712 883 solitugtine
732 787 849 844 arabica
867 787 1014 844 vernum
1034 787 1128 844 tuisse

55 887 252 948 contenderis.
305 889 444 946 Attamen
477 889 558 962 prius
592 901 659 945 cum
695 887 863 946 Semlero
902 887 1127 948 Hasciaerio

55 993 240 1070 (ment.
263 991 302 1048 de
321 991 480 1052 nonnullis
506 992 653 1051 Actorum
673 989 746 1050 tocie
765 1005 797 1064 p.
815 989 874 1047 84.
893 988 963 1066 sq.)
988 989 1127 1048 Flattio

53 1095 206 1152 itinero
231 1091 355 1165 aliisque
380 1091 549 1168 posteriori,
586 1092 663 1167 quod
689 1091 818 1164 Koppe
845 1095 874 1149 et
901 1093 1044 1169 Borger
1071 1093 1157 1162 ‹ie-¹

52 1197 194 1271 tendunt,
224 1194 447 1268 praeterendum
474 1193 645 1253 iudicemus.
698 1193 778 1252 Satis
810 1191 993 1268 probabiliter
1022 1195 1129 1270 quippe

52 1297 215 1372 Apostolus
240 1312 302 1355 rem
328 1295 494 1372 primariam
520 1301 606 1371 atque
630 1295 790 1374 Insignem,
822 1313 880 1370 qua
905 1296 997 1355 veluti
1022 1311 1128 1354 novam

50 1399 243 1458 inchoaverat
262 1399 368 1474 vitam,
398 1401 533 1472 tanquam
552 1400 702 1458 terminum
726 1397 767 1477 (a
795 1399 875 1478 quo)
895 1399 982 1457 menti
1001 1398 1060 1456 alte
1079 1399 1129 1456 in-

48 1503 141 1560 oxum
166 1498 296 1558 tenuisse
322 1498 509 1558 existimetur.
561 1500 627 1558 Neo
648 1501 733 1560 aliter
759 1505 840 1558 recte
868 1505 1068 1573 computantur
1087 1501 1130 1558 illi

47 1600 269 1678 quatuordecim
282 1600 348 1658 anni
371 1601 523 1674 dequibus
541 1603 609 1662 Gai.
630 1604 664 1680 2,
680 1604 710 1661 1.
722 1601 891 1660 videbimus.
933 1601 1017 1670 Quod
1032 1601 1130 1660 Lucos

46 1707 132 1766 Acti.
154 1706 190 1783 9,
205 1705 258 1764 23.
281 1703 318 1762 de
340 1704 562 1761 commoratione
578 1703 661 1761 Pauli
678 1702 755 1762 inter
770 1705 966 1762 nemeseencs
982 1702 1130 1776 perhibet:

49 1799 97 1874 ὦς
128 1801 163 1866 nt
193 1802 402 1902 intppcrineox
421 1795 564 1885 ἡμέραι
599 1801 737 1865 ἱκαναὶ
764 1808 819 1862 etc.
843 1805 959 1864 minime
986 1808 1132 1882 repugnat

45 1911 137 1967 effato
157 1907 295 1966 Paoiiuoe
326 1899 424 1985 perol
446 1903 511 1979 ἴτη
533 1903 623 1986 epla
646 1910 701 1965 eto.
722 1922 815 1980 nequo
842 1909 1012 1984 argomento
1031 1907 1131 1965 inser-

43 2014 109 2085 vit,
129 2024 189 2086 quo
209 2009 347 2082 probetur
368 2007 534 2066 coniectura
561 2013 645 2066 sente
665 2008 780 2083 quidem
801 2008 923 2067 detersa
947 2005 1130 2068 Koehieri

42 2115 79 2171 im
98 2110 120 2170 l.
144 2112 165 2168 1.
187 2127 216 2186 p.
230 2109 261 2166 1.
282 2125 345 2184 sqq.
371 2109 468 2168 locum
489 2109 640 2170 Paulinum
668 2111 706 2168 tie
730 2111 787 2168 alio
807 2111 909 2169 itinere
929 2110 1033 2170 seriori
1052 2108 1130 2170 Hie-

44 2213 193 2284 rosolym.
214 2211 432 2288 intelligendum
454 2229 529 2288 esse,
551 2212 626 2287 qnod
643 2212 741 2272 Lucos
761 2213 888 2272 inAotis
908 2212 1020 2274 silentio
1030 2217 1131 2270 trans-

43 2317 124 2375 ierit.
176 2313 308 2389 Etenim,
339 2326 425 2388 quum
452 2316 590 2372 substant.
624 2303 782 2396 ἡμέραι·
799 2315 830 2372 in
856 2303 1130 2389 sermone'quidem

43 2421 84 2477 N.
108 2419 149 2476 F.
168 2415 252 2474 baud
271 2431 338 2474 rnro
358 2416 466 2490 pariter
492 2421 577 2490 utque
601 2413 751 2495 χρόνος
778 2417 816 2474 rie
843 2417 967 2490 quodem
993 2417 1131 2489 temporis

39 2521 145 2594 spatio
165 2533 224 2574 non
244 2519 411 2575 accuratius
432 2517 547 2574 delinito
568 2519 737 2575 adhibeatur
763 2519 1031 2596 (.11ανσ.13,20.
1053 2517 1131 2577 lare.

42 2625 104 2700 17,
120 2623 178 2680 22.
202 2619 257 2697 19,
269 2621 328 2678 43.
349 2619 428 2680 Aott.
446 2621 480 2698 3,
494 2621 552 2677 24.
574 2620 673 2694 prb.
694 2621 728 2697 6,
747 2619 799 2677 16.
820 2619 902 2698 ab),
930 2619 998 2677 licet
1018 2618 1131 2678 omnino

38 2726 117 2783 iilud
143 2712 268 2802 ἡμέραι
291 2716 400 2780 ἱκαναὶ
422 2721 523 2778 eodem
543 2722 607 2780 iure
633 2733 689 2795 quo
714 2717 838 2797 χρόνος
860 2715 974 2788 {zaroc
1001 2738 1025 2778 s.
1042 2715 1132 2798 χρό-

40 2848 95 2886 voe
119 2820 235 2886 ἱκανοὶ
257 2825 334 2884 Luc.
346 2826 403 2901 20,
415 2823 446 2880 9.
470 2826 525 2902 23,
541 2824 571 2880 8.
593 2822 716 2899 Actes,
729 2823 783 2880 11.
796 2824 836 2880 ol.
856 2823 894 2880 ed
912 2823 1006 2881 maius
1017 2825 1132 2880 reterre

40 2925 189 3002 temporis
213 2921 409 3000 interuallum,
430 2923 467 2981 nti
487 2925 639 2982 triennium
660 2927 749 2981 totum
770 2923 848 2996 quod
868 2923 977 2982 Paulus
995 2923 1132 2981 Damasci

41 3030 211 3106 megit,
233 3027 456 3085 commoratione
474 3026 587 3099 quidem
607 3024 637 3080 in
658 3024 730 3082 iocis
751 3024 880 3084 Arabiae
901 3024 1024 3084 desertis
1045 3039 1130 3082 oom-

41 3133 178 3204 putando
202 3129 317 3203 addita3
339 3143 499 3202 quanquam
522 3128 558 3184 de
580 3141 668 3184 sensu
689 3125 747 3184 ioci
767 3125 844 3183 lauri.
864 3127 904 3185 its
916 3130 1043 3186 statuere
1063 3142 1131 3192 ma-

39 3233 113 3310 lin,
132 3237 167 3291 ut
189 3229 292 3290 Lucos
306 3230 385 3290 Acti.
399 3233 433 3308 9,
450 3233 503 3288 23.
525 3243 582 3287 non
603 3233 661 3286 tem
683 3229 720 3286 de
739 3231 798 3286 toto
818 3229 867 3287 iiio
888 3227 1010 3286 tn'ennio
1027 3226 1131 3306 (com-

36 3337 153 3413 pleto)
178 3332 330 3408 cogitasse
351 3332 544 3407 existimetur,
565 3343 650 3405 quam
671 3331 707 3388 (ic
728 3345 763 3388 ea
783 3323 880 3406 perte,
900 3346 990 3407 quae,
1010 3345 1132 3390 reverso

37 3439 141 3496 Paulo
164 3437 343 3495 Damascum
365 3448 402 3491 ex
422 3433 549 3508 Arabis,
576 3433 674 3504 elapsa
695 3433 797 3509 inerit,
827 3432 920 3490 eloneo
939 3431 1047 3491 Judcei
1067 3434 1132 3491 Da-

37 3539 179 3597 masceni
204 3535 297 3593 Paulo
317 3537 486 3593 insidiantes
508 3549 543 3592 eo
564 3551 655 3607 usque
675 3535 932 3611 progrederentur,
951 3539 983 3592 ut
994 3537 1031 3592 dc
1044 3535 1132 3608 Apo-

33 3644 118 3700 stoio
140 3637 347 3700 interficiendo
368 3638 568 3696 deliberarent.
609 3638 654 3694 lte
675 3637 786 3712 causis,
807 3651 898 3712 qnare
919 3636 1024 3695 ceteris
1037 3635 1132 3694 inter·-

29 3744 180 3819 pretibus
211 3739 354 3797 calculum
382 3738 503 3813 eddam,
529 3740 720 3796 narrationem
749 3737 828 3798 Acti.
852 3741 886 3817 9,
899 3739 944 3798 23
961 3769 995 3780 -
1011 3740 1066 3796 et.
1095 3736 1133 3795 do

26 3850 151 3908 mem
174 3843 263 3901 Penii
283 3842 387 3900 itinere
413 3841 555 3898 Hierosnl.
576 3839 805 3918 explicantibus,
834 3839 917 3897 cuius
937 3839 1043 3896 mentm
1063 3835 1092 3894 h.
1112 3837 1133 3896 1.

25 3953 59 4010 in
85 3947 228 4024 epistola
246 3947 346 4022 nostra
366 3945 444 4000 iacta
471 3946 532 4018 est,
560 3959 654 4016 neque
680 3941 850 4015 Apostolum
870 3944 937 4012 post
958 3939 1131 3998 conversio-

24 4071 105 4112 nem
135 4063 233 4107 unum
254 4045 444 4104 tantummodo
471 4059 599 4102 mensem
626 4045 702 4117 apud
731 4044 927 4102 liamosccnos
954 4041 1133 4118 transegisse

24 4154 236 4225 existimem,
263 4148 380 4207 uberius
401 4147 520 4219 exposui
540 4147 569 4204 in
589 4146 678 4204 libro:
700 4146 888 4220 iirbrtemnp
908 4145 1021 4220 einiper
1035 4145 1133 4202 oieb-

24 4267 129 4337 etqen
158 4253 330 4327 ciomrotoy.
354 4250 472 4309 Prenbte
491 4251 525 4306 tn
552 4250 608 4306 der
633 4247 914 4324 neoeopeeettette
934 4247 988 4304 ries
1008 4243 1135 4320 Apostet
