2726 4956
212 475 369 567 Epistola
389 480 434 548 ori
455 477 610 550 Galatas.
643 477 739 548 011.
768 475 811 548 V.
829 478 1000 558 11-14.
1049 477 1145 550 ,385

76 657 157 716 aero
178 655 384 733 stremonium,
409 657 519 718 Mattlt
531 657 564 735 ὅ,
578 657 631 716 29.
657 656 772 718 ltooun.
786 657 820 736 9,
837 657 1002 737 19.12,2.
1018 655 1058 718 ot
1079 659 1145 716 tor-

79 757 160 816 mnla
180 758 300 816 adverb.
321 751 427 818 sosoi
452 747 679 840 opinemur
706 773 826 838 eornm,
852 759 892 816 ita
911 763 943 817 nt
961 757 1067 816 taciem
1086 759 1146 816 ali·

79 860 164 916 cuius
183 855 321 916 intuearis
342 855 461 936 (LXX.
482 863 510 922 1.
524 862 614 936 Ropy.
629 859 661 937 1,
675 859 728 918 23.
751 859 827 920 noe.
839 863 873 940 2,
884 860 937 919 31.
958 858 1036 919 Acti.
1047 862 1082 939 3,
1094 861 1145 918 13.

77 961 204 1039 26,16.
229 963 277 1020 ll.
291 962 375 1020 Corr.
389 961 443 1040 10,
457 965 489 1022 7.
521 965 574 1019 cir.
600 957 746 1032 Rephel.
768 964 881 1020 adhort.
902 977 945 1020 oe
965 961 1087 1038 Polybio
1108 961 1146 1019 el

75 1060 106 1120 h.
127 1061 150 1120 l.
171 1078 329 1138 nunquam
348 1061 367 1120 t
383 1078 410 1135 q.
431 1061 571 1138 shnniote,
590 1061 620 1119 in
640 1061 777 1138 speciem,
796 1063 873 1136 qnod
893 1061 1020 1121 nonnulli
1039 1063 1146 1121 docto-

77 1179 145 1222 rum
164 1167 234 1220 vett
255 1163 360 1235 opinati
380 1165 465 1241 runt)
491 1167 558 1236 apto
580 1164 762 1240 coniungitur
787 1162 825 1220 erl
849 1161 998 1239 fiduciam,
1022 1159 1145 1224 liberta·

73 1269 134 1323 tem
164 1263 338 1338 impavidam
368 1263 600 1342 exprimendam,
641 1280 698 1340 qua
729 1261 837 1324 Paulus
872 1261 968 1338 palem
1003 1264 1146 1338 praesenti

70 1381 213 1440 praesens
235 1363 445 1424 contrudixerit
488 1366 580 1425 simil.
600 1361 696 1424 hehrr.
718 1379 790 1455 ηερ,
812 1367 842 1423 et
862 1361 945 1456 7³32}
966 1365 1036 1447 Jol.
1051 1364 1106 1446 16,
1114 1366 1145 1433 8,

71 1469 240 1527 Deuteron.
258 1468 314 1546 21,
331 1467 383 1527 21.
409 1467 458 1526 nbi
478 1470 516 1525 olo
541 1445 789 1526 contradictione
808 1482 886 1543 quoe
909 1446 1014 1542 potam
1033 1469 1067 1524 io
1089 1463 1147 1540 fo-

72 1571 150 1628 cr'em
166 1565 224 1642 fiat
247 1583 342 1628 sermo
369 1569 426 1646 est,
451 1568 527 1642 sputi
547 1569 646 1628 LXX.
671 1570 820 1626 veriuntur
845 1561 929 1626 κατά
959 1557 1146 1646 πρόσωπον,

72 1686 238 1744 quanquam
257 1665 336 1728 hond
364 1685 506 1745 negamus
536 1667 616 1727 hebr.
637 1665 705 1746 Ἓξ),
731 1665 876 1726 interdum
898 1667 983 1724 etiam
1002 1666 1147 1739 simplici-

72 1777 119 1830 ter
140 1770 199 1829 dici
217 1769 247 1828 h.
259 1789 283 1828 s.
305 1775 423 1850 ceretro,
444 1771 594 1848 adversus,
614 1774 643 1828 et
662 1747 720 1826 h'oc
739 1786 828 1828 sensu
847 1767 945 1829 LXX.
958 1770 1147 1838 ILChrorrn.

75 1873 220 1952 12,7.8.
248 1869 370 1930 vertisse
392 1865 586 1946 ἀντιστῆναι
608 1862 693 1929 κατὰ
718 1867 903 1946 πρόσωπον.
946 1869 1026 1937 Quae
1045 1867 1147 1928 brevi-

72 1980 120 2033 ter
141 1975 284 2032 adduntur
305 1973 341 2030 rie
362 1971 435 2050 inre,
454 1989 510 2048 quo
524 1972 635 2031 Penius
654 1971 712 2030 hoc
732 1973 847 2031 iecerit:
875 1963 935 2031 riu
956 1990 1147 2051 κατεγνω-

75 2069 223 2158 σμένος
245 2059 286 2150 ἢν
307 2065 661 2164 (κατάγινῶσκειντ
690 2074 896 2150 condemnare,
921 2085 1009 2130 sensu
1028 2072 1147 2132 mitiori:

73 2173 305 2250 reprehendere,
327 2179 441 2253 notare,
462 2177 489 2236 1.
499 2177 548 2236 Jo.
560 2179 593 2256 3,
605 2175 656 2235 20.
668 2173 721 2234 21.
762 2175 899 2249 Xenoph.
920 2173 1146 2253 monemuth-1,

72 2280 109 2356 2,
124 2277 176 2334 10.
206 2275 372 2337 Herodian.
382 2277 436 2356 Ἡ,
453 2277 506 2357 12,
519 2278 554 2335 4.
580 2279 619 2356 V,
632 2279 665 2355 5,
678 2275 732 2355 2.]
759 2273 865 2349 duplici
881 2273 1000 2336 'ratione
1025 2275 1148 2351 intelligi

72 2379 179 2436 soient.
229 2377 315 2436 iloni
342 2377 428 2450 penei
459 2380 564 2452 qnippe
592 2379 686 2455 (vers.
714 2379 819 2454 Vulg.
847 2377 1018 2437 Calvinus
1050 2377 1146 2434 Besa

71 2476 243 2538 Walther
262 2476 290 2536 in
312 2483 461 2536 comment.
489 2479 566 2536 laud.
596 2479 719 2551 Koppe
744 2481 840 2538 Fieri
870 2477 1027 2556 Borger]
1053 2477 1146 2551 parti-

71 2579 180 2652 cipium
202 2581 276 2652 peri.
297 2596 373 2652 pass.
395 2576 649 2659 κατεγνωσμένος
676 2595 729 2652 per
754 2579 953 2650 metonymiam
978 2593 1031 2650 pro
1052 2579 1146 2651 parti-

61 2683 152 2755 cipio
174 2681 263 2738 iutnri
283 2697 360 2752 pass.
381 2681 444 2738 sive
465 2695 516 2751 pro
543 2681 696 2757 adiectiro,
714 2677 857 2738 hominem
877 2698 901 2738 s.
923 2693 999 2757 rom,
1026 2679 1073 2737 cui
1092 2695 1145 2752 pro

71 2783 173 2842 indole
194 2798 249 2838 sna
268 2779 374 2854 aliquid
395 2781 554 2857 conveniat,
575 2782 755 2858 significante
776 2782 899 2854 positum
919 2783 1079 2840 existimant
1092 2795 1145 2839 se-

72 2882 203 2942 cundum
229 2897 337 2940 morem
369 2881 464 2940 hebrr.
492 2885 576 2972 εἵη,
603 2897 708 2972 aran-3,
734 2879 837 2970 bingin,
861 2883 1050 2956 similiumque
1078 2881 1143 2957 (vii.

70 2987 187 3045 Storr.
210 2987 339 3044 olomeo.
361 2986 404 3042 od
423 2987 502 3044 anat.
524 2987 554 3042 et
573 2967 721 3063 maiouim
743 2966 862 3058 linquae
882 2987 962 3042 lrehr.
989 2979 1144 3060 p.135.):

69 3089 223 3164 &quidem
243 3086 506 3160 reprehendendos
524 3091 598 3144 erat.
641 3087 702 3143 Sed
719 3099 811 3157 neque
825 3085 897 3143 loeis
916 3081 1146 3160 Αροοα1.21,8.

74 3181 350 3271 (ἐβδελυγμένοις)
373 3199 418 3261 ep·
439 3187 540 3245 Judoe
560 3203 586 3244 rr.
604 3187 654 3244 12.
679 3181 921 3262 (ἐκριζωθέντα)
943 3181 1045 3240 aliisve
1067 3187 1146 3241 certo

73 3289 219 3363 efficitur,
240 3287 405 3344 hebraicam
425 3287 504 3344 illem
525 3287 640 3346 dicendi
660 3289 797 3346 rationem
823 3291 903 3344 recto
927 3285 1082 3344 transferri
1108 3285 1146 3342 ati

71 3389 267 3448 elocutionem
288 3403 426 3463 graecam
452 3387 590 3445 librorum
610 3387 648 3446 N.
669 3390 704 3446 F.
729 3403 822 3460 neque
847 3385 876 3443 h.
897 3386 916 3444 l.
942 3385 1003 3445 ulla
1028 3391 1147 3460 apparet

71 3490 266 3562 metonymice
287 3487 478 3546 admittendae
498 3490 665 3546 necessitas.
719 3491 780 3549 Cir.
807 3487 931 3546 Winer
960 3489 1147 3548 cromaco

74 3599 132 3653 ele.
154 3591 278 3649 cmlii.
303 3592 426 3664 pum.
474 3585 567 3646 Recte
590 3589 771 3660 chrysost.
798 3589 990 3662 l'heophyl.
1011 3588 1147 3647 Luther

74 3693 225 3752 Cramer
261 3687 383 3749 Morus
415 3690 559 3748 Winer
596 3689 645 3746 aiii
675 3691 819 3763 propriam
848 3693 946 3748 tenent
978 3695 1146 3762 potestatem

70 3795 152 3854 illins
172 3795 285 3850 tormee
305 3792 525 3868 grammaticae:
552 3792 699 3866 Quidem
718 3793 978 3864 reprehensionem
1004 3793 1146 3849 incurro-

71 3901 143 3971 rol,
166 3891 211 3950 ita
235 3907 269 3950 se
294 3896 447 3970 gesserat,
474 3895 505 3949 ut
530 3891 579 3948 clii
608 3889 951 3967 (lithnico-Christiani,
978 3890 1145 3965 quibuscum

70 3995 164 4053 nollet
195 3992 300 4049 Petrus
330 3993 451 4063 amplius
478 3992 639 4068 convivari,
669 3993 699 4050 id
732 3991 807 4066 quod
831 3991 915 4064 poulo
942 3993 1009 4046 ante
1039 3991 1146 4066 absque

71 4097 136 4155 ulis
155 4093 346 4154 haesitatione
366 4093 499 4170 lecisset)
529 4091 680 4166 heberent,
706 4093 781 4166 qnod
806 4091 845 4148 de
870 4103 904 4150 eo
931 4100 1146 4162 conquereren-

71 4203 130 4256 tur.
174 4198 241 4253 llue
261 4191 485 4266 reprehensione
509 4191 626 4250 Petrum
650 4189 744 4247 tuisse
769 4191 888 4266 dignum
914 4187 985 4246 satis
1009 4191 1146 4250 luculen-

73 4305 121 4360 ter
143 4296 268 4358 ostendit
287 4297 413 4354 narratio
433 4307 572 4370 sequens,
591 4306 686 4366 nequo
706 4294 776 4368 eret,
796 4291 873 4366 quori
889 4291 1053 4453 &oswius
1070 4293 1145 4352 hane
