2710 4954
391 443 704 533 Prolegorneun.
1005 443 1084 514 8⁰5

135 614 256 684 edisne
275 615 357 686 lieet
378 613 560 704 duplicem
587 613 660 684 sive
680 611 821 698 Paulus,
842 633 943 705 quum
962 614 1086 686 beneti-

62 715 292 788 eindutioohiee
314 717 457 788 oolleete
469 717 723 800 Hierosolymes
737 718 952 806 deportasset
972 715 1085 800 [Acte.

65 817 111 900 11,
122 817 176 886 28.
188 825 288 912 sqq.),
313 819 444 887 nonnisi
470 819 549 888 huie
571 819 707 905 negotio
728 819 892 906 pecuniae
916 824 1011 888 reete
1038 819 1087 887 di·

61 919 242 990 stribueudse
262 941 415 1008 secuse,
436 911 546 1009 repon
566 924 701 988 omnim
720 943 797 986 eren
816 921 974 1008 apostolis
993 922 1087 1009 (quo-

60 1040 114 1086 rum
131 1043 223 1111 unns,
244 1023 299 1113 qni
317 1023 502 1110 praecipuo
524 1025 568 1090 ed
589 1017 667 1101 τοὺς
690 1023 872 1102 δοκοῦντας
903 1021 985 1092 Gal.
1000 1019 1087 1108 m.

58 1121 209 1211 pertinuit,
238 1125 384 1212 Petrus,
419 1124 476 1191 illo
510 1131 661 1212 tempore
696 1123 857 1191 aliorsum
888 1123 971 1190 obiit
997 1122 1088 1192 Ace.

61 1219 108 1308 11,
127 1223 194 1312 17.)
219 1227 263 1294 do
287 1248 352 1292 sue
378 1227 555 1319 wmsgelr's'
578 1226 842 1318 praedictionum
871 1224 1088 1312 descrecere,

57 1321 113 1392 sire
129 1327 466 1396 commemorationem
487 1328 586 1397 huius
608 1327 738 1396 itineris
752 1327 890 1396 seonndi
908 1333 1090 1416 propterea

58 1425 184 1496 omisisse
202 1428 431 1515 existimetur,
456 1431 544 1518 quod
564 1435 763 1518 properaret
790 1427 834 1495 od
860 1428 1020 1514 graviore
1046 1428 1090 1496 de

55 1523 152 1596 itinere
171 1532 281 1600 serius
303 1529 392 1598 foetu
414 1530 566 1598 dicenda.
614 1530 655 1598 ld
677 1529 764 1598 enim
785 1531 876 1596 lrsud
898 1530 998 1598 dubie
1018 1551 1090 1598 mo·

56 1626 124 1696 xime
142 1655 239 1700 curse
262 1632 420 1721 oordiqne
440 1632 503 1698 tuit
523 1631 707 1719 Apostolo,
733 1638 772 1698 nt
793 1639 987 1720 exponeret,
1010 1652 1090 1720 quo·

55 1734 132 1798 mdo
149 1737 414 1820 emoreretur,
436 1733 610 1820 provincio
630 1731 774 1821 apostoli
794 1735 861 1800 τῶν
880 1732 993 1800 idone
1013 1733 1091 1798 dris-

54 1831 107 1896 tiu
123 1857 191 1902 oum
218 1857 382 1914 suoosssu
402 1833 627 1923 prosperrimo
656 1833 911 1920 administrate,
937 1832 1091 1900 laborum

55 1953 164 2004 snorum
197 1937 362 2006 rstiunern
394 1936 581 2007 reddiderit
612 1957 727 2003 eorem
754 1941 825 2002 toto
852 1933 1091 2023 Apostolorum

55 2043 133 2104 metu
151 2038 392 2124 Hierosolymis
412 2037 529 2122 (Acti.
553 2060 584 2105 o.
603 2035 678 2124 15.)
703 2044 932 2124 congregato,
960 2057 1091 2104 eorum·
1118 2057 1125 2072 ·

54 2155 103 2222 que
131 2140 301 2228 suffragiis
333 2139 565 2227 comprobatus
599 2137 702 2205 fuerit
727 2137 864 2224 legatus
891 2136 1019 2205 (ihristi
1048 2135 1092 2202 ed

54 2240 173 2320 gentiles
212 2241 423 2330 potissimum
466 2241 710 2310 convertendos
751 2239 911 2308 divinitus
949 2244 1092 2306 vocatus

54 2339 141 2417 (uae
158 2342 193 2430 2,
216 2343 254 2412 7.
280 2344 374 2432 squ).
416 2341 459 2425 d)
481 2343 578 2418 Quae
603 2341 731 2409 Paulus
758 2342 802 2407 ad
833 2339 916 2408 Hal.
932 2335 970 2427 2,
986 2338 1020 2405 1.
1051 2341 1092 2406 do

53 2438 159 2511 duobus
177 2443 335 2532 perhibet
355 2443 483 2512 itineris
503 2443 555 2510 sui
570 2431 758 2526 nomitibus,
780 2441 941 2508 Burnubo
953 2447 989 2508 et
1000 2439 1095 2518 Tito,

53 2537 110 2608 loeo
144 2546 236 2615 Aret.
271 2546 334 2632 11,
355 2544 418 2612 311.
450 2565 553 2614 unum
579 2541 771 2611 Barnabam
812 2541 911 2608 Pauli
940 2540 1095 2610 comitem

53 2647 305 2717 eommemorsnti
337 2646 444 2713 miuus
475 2653 635 2715 eeourste
663 2641 864 2711 conveniunt
890 2664 990 2731 quem
1017 2640 1094 2710 loeo

6 2775 8 2786 ·
53 2743 126 2813 Acte.
144 2747 203 2832 15,
218 2749 257 2818 2.
289 2751 330 2816 de
352 2748 451 2815 tertio
472 2747 594 2815 itinere
619 2741 792 2814 Hierosol.
821 2744 908 2812 lineo
936 2743 1093 2811 testantia

52 2841 364 2939 interimentum
384 2850 524 2920 Παῦλον
546 2854 602 2916 καὶ
622 2841 808 2934 Βαρνάβαν
835 2844 892 2912 καί
918 2870 1012 2923 τινας
1036 2839 1096 2911 ἄλ-

53 2947 113 3030 λους
131 2952 162 3034 ἐξ
181 2949 294 3021 αὐτῶν
316 2957 380 3020 ete.
421 2955 463 3036 o)
484 2950 583 3027 (lund
609 2950 724 3018 Lnoos
739 2947 801 3033 11,
814 2943 880 3014 28.
910 2947 952 3012 de
973 2943 1095 3028 ugano

52 3044 155 3122 semem
182 3075 343 3142 magnum
368 3051 573 3120 setioinoute
601 3047 789 3133 enerravit,
817 3045 956 3115 multum
984 3044 1097 3112 differt

53 3147 87 3213 tl
104 3176 158 3242 eo,
178 3158 270 3247 quod
293 3153 491 3223 Paulusne
512 3149 594 3218 Gal
607 3147 645 3235 2,
658 3147 695 3215 2.
718 3171 756 3216 se
776 3145 861 3216 surreie
881 3143 1097 3238 ἀποκάλυψιν

51 3249 267 3345 (revelatione,
288 3277 374 3347 qnae
393 3253 463 3324 n'bs'
480 3250 639 3320 divinitus
661 3249 869 3337 contigisset,
891 3247 1098 3318 admonitum

54 3351 102 3419 eir.
120 3358 168 3424 ad
190 3358 339 3447 deorr.
358 3351 396 3445 3,
415 3355 467 3444 3.)
491 3350 747 3435 Hierusolymos
774 3350 899 3418 obiisse
931 3349 1097 3438 adfirmet,

51 3463 211 3550 puteoque
227 3460 294 3527 hoo
309 3455 476 3543 posterius
497 3475 558 3540 per
579 3473 618 3519 se
635 3461 825 3539 spectatum
846 3455 888 3520 de
907 3451 1027 3521 itinere
1044 3474 1098 3521 se·

53 3561 144 3626 eundo
165 3562 297 3648 puriter
317 3580 360 3626 so
382 3559 424 3626 de
444 3555 545 3624 tertio
567 3553 720 3641 intelligi.
750 3554 796 3638 d)
809 3553 862 3622 Ex
881 3553 995 3652 verbis
1007 3555 1099 3639 Apo·

52 3657 115 3724 stoli
134 3663 185 3728 ad
197 3661 284 3732 vae
297 3658 335 3746 2,
348 3655 384 3726 9.
406 3657 520 3742 colligi
541 3675 606 3722 nou
628 3662 751 3742 potest,
763 3654 904 3722 Paulum
923 3676 990 3721 non
1005 3652 1099 3740 prius

53 3763 255 3832 constituisse
267 3759 420 3830 Ethnieis
433 3757 644 3847 potissimum
658 3759 838 3825 edocendis
851 3777 987 3843 operum
1005 3757 1102 3840 dure,

52 3875 137 3942 quarn
161 3864 232 3944 ineo
259 3863 300 3932 de
327 3884 365 3930 re
393 3859 537 3928 Paulum
563 3858 822 3946 Romuleamque
856 3855 945 3923 inter
971 3862 1008 3921 et
1034 3855 1101 3921 Pe·

53 3959 127 4028 bum
154 3963 324 4032 Jeoobum
351 3961 518 4031 Joenuem
548 3957 653 4028 veluti
680 3957 800 4026 foedus
832 3955 985 4024 sollenne
1017 3954 1101 4024 fnis-

53 4065 97 4124 set
127 4065 303 4134 sanoitnm.
358 4063 482 4131 Dicere
519 4059 608 4128 enim
639 4058 791 4148 profecto
825 4078 891 4125 uon
925 4055 1102 4144 potuisset,

55 4176 128 4244 quae
148 4164 194 4232 ib.
218 4188 252 4234 v.
274 4165 311 4232 7.
332 4163 496 4251 legimus,
516 4173 646 4228 eeteros
661 4161 771 4248 probe
791 4159 1016 4245 medexena,
1036 4157 1103 4248 ipsi

55 4255 177 4355 (Paulo)
197 4265 426 4336 concreditum
446 4285 525 4332 esse
545 4261 751 4353 provinciam
773 4259 939 4346 evangelii
962 4258 1102 4328 homiui·

846 4357 899 4430 20
