2802 4956
483 421 795 512 Prolagomsnu.
1124 426 1172 494 11

100 595 147 662 ad
165 593 251 663 burc
275 599 414 664 coetum
437 593 637 684 epistolam,
661 594 717 664 vcl
743 598 890 664 exeunte
915 613 1003 664 anuo
1024 591 1092 665 52.
1118 597 1178 667 vol

104 697 232 766 incunte
260 695 329 763 53.
381 699 530 766 Μῖνι
553 697 621 765 iarn
648 696 779 785 (plures
806 704 901 766 certe
928 705 1081 786 menses)
1111 699 1176 768 Co·

102 799 198 866 riuthi
217 807 399 866 verutum
420 797 528 868 fuisse
546 798 759 890 Apostolum,
780 799 975 889 priusquam
995 800 1085 870 baec
1106 802 1176 890 opi-

100 899 186 966 stcls
195 901 426 987 scriberetur,
439 899 540 968 nolim
555 923 630 970 cum
642 899 846 970 Michaeli
863 903 1023 987 (Boeo
1036 901 1118 971 Vol.
1130 902 1175 972 rt
1219 917 1221 922 '

100 1005 151 1070 ed.
170 1002 233 1072 lv.
269 1025 305 1090 p.
333 999 454 1072 12⁰6.
482 1007 576 1094 sqq.)
605 1023 651 1070 ex
676 1003 762 1072 locis
782 1003 830 1072 ibi
863 1003 1012 1071 laudatis
1039 1006 1179 1072 demon·

100 1113 221 1172 snare.
262 1105 423 1190 Etenim,
450 1105 508 1194 qui
535 1105 783 1176 Thessalonice
803 1105 976 1196 Athenas,
1004 1105 1088 1174 iudo
1114 1105 1178 1172 Co-

101 1207 240 1273 rinthun
269 1206 451 1291 profectus
478 1205 608 1292 tuerat,
641 1209 756 1298 utique
789 1207 856 1275 ianr
884 1209 1095 1296 experiundo
1122 1229 1179 1274 eo-

97 1329 262 1394 gnoscere
285 1317 464 1396 potuerat,
486 1331 586 1398 quam
607 1309 709 1396 longe
729 1310 864 1399 lateque
896 1310 1034 1397 pietatis
1061 1309 1179 1376 'rhes-

98 1411 364 1478 salonicensiurn
399 1410 613 1478 Christianae
650 1413 745 1480 fama
780 1411 947 1499 dissipata
983 1419 1082 1480 essct:
1118 1434 1180 1499 per

97 1510 333 1580 hammam
358 1520 394 1580 et
409 1511 581 1588 Achaiam
605 1515 654 1598 (1.
676 1513 846 1582 Thema.
872 1514 907 1600 1,
929 1513 967 1582 7.
989 1511 1056 1594 8.),
1082 1536 1180 1600 prue-

99 1615 210 1682 acrtin
244 1637 353 1704 quum
381 1615 473 1682 baud
500 1614 601 1702 pauci
627 1614 782 1684 Achaiae
813 1613 948 1684 incolae
975 1615 1179 1688 Corinthum

104 1715 367 1803 beqnntsreut.
411 1717 485 1784 Neo
504 1716 623 1800 rideo,
652 1715 766 1802 quidni
787 1716 970 1802 Apostolus
996 1717 1078 1783 boc'
1094 1725 1178 1784 tem·

107 1817 197 1902 poris
215 1818 394 1890 interuallo
414 1811 502 1896 ἅπαξ
521 1821 579 1886 καὶ
598 1819 650 1896 die
672 1817 722 1900 (I.
741 1815 909 1884 Thessali.
930 1816 969 1902 2,
994 1817 1074 1904 18.)
1100 1841 1178 1886 con-

103 1918 209 1986 siliu·
230 1941 360 2007 capere
380 1920 547 2006 potuerit,
575 1917 865 2004 Thessalonicen,
891 1919 922 1986 si
949 1918 1024 1988 fleri
1044 1927 1180 2007 posset,

100 2023 288 2090 redeundi!
347 2020 421 2088 cfr.
452 2019 665 2090 Eicbhorn
699 2021 797 2090 Boot.
832 2018 869 2088 ll.
894 2021 941 2088 B.
977 2021 1012 2089 1.
1044 2019 1179 2110 hldlfic

100 2145 132 2210 p.
153 2122 215 2192 57.
236 2146 292 2213 sq.
314 2121 549 2190 Bartholdt
568 2123 665 2192 Eam.
687 2121 724 2192 6.
745 2123 792 2190 Β.
815 2145 848 2210 p.
867 2120 986 2192 34⁷5.
1009 2143 1087 2214 sqq.

587 2293 624 2384 a.
649 2289 688 2361 4.

179 2429 370 2498 Timotheo
396 2449 439 2497 ac
460 2428 535 2498 Sila
555 2429 739 2497 etiamnum
766 2430 856 2516 opud
883 2427 1027 2497 Paulum
1053 2429 1176 2500 (lorin-

97 2533 145 2598 tbi
164 2532 388 2602 venantibus
411 2531 484 2616 (ΙΙ.
510 2529 679 2600 Tteuctl.
704 2530 740 2616 1,
766 2531 836 2617 1.),
866 2552 966 2620 quum
987 2533 1178 2619 Apostolus

99 2633 233 2721 itemm,
261 2634 341 2702 siue
363 2655 425 2720 per
444 2631 597 2720 litteras,
624 2633 699 2701 sive
719 2653 782 2722 per
802 2632 1014 2700 Christianos
1041 2655 1088 2700 ezr
1110 2635 1178 2702 illis

97 2737 296 2821 regionibus
318 2735 517 2802 Corinthum
539 2733 723 2821 profectos,
742 2734 893 2802 nuntium
916 2735 1113 2823 accepisset
1135 2739 1178 2806 dc

98 2847 188 2904 ιίιίιι
209 2837 488 2904 Christianorum
504 2835 873 2923 Thessalonicensium,
894 2837 1076 2925 epistolam
1098 2862 1177 2906 exa·

98 2941 185 3008 mit
199 2943 444 3029 wahren,
465 2939 570 3026 priori
591 2939 834 3028 quodammodo
856 2938 1085 3028 supplendae,
1107 2963 1177 3008 am-

99 3041 185 3128 pliss
205 3041 454 3126 marmandae,
474 3040 669 3108 accuratius
690 3039 900 3110 definiendae
920 3037 1176 3109 inservientem·

99 3141 298 3210 hntnerat
316 3141 449 3228 Paulo,
476 3163 574 3231 quam
595 3141 802 3209 indefessam
825 3141 928 3208 animi
950 3143 1177 3210 constantiani

101 3243 293 3332 hueusque,
321 3243 561 3313 vexationibus
582 3242 756 3332 perpetuis
777 3241 921 3330 addicti,
952 3241 988 3310 in
1015 3243 1176 3331 profiten-

97 3349 142 3414 ἀι
173 3345 350 3433 evangelii
384 3346 539 3413 doctriua
569 3344 833 3434 praestitissent.
888 3343 1058 3414 Audierat
1094 3370 1174 3415 vero

101 3449 202 3516 esu
225 3452 270 3516 de
292 3447 485 3524 erroribus,
505 3448 551 3515 ad
572 3447 760 3536 παρουσίαν
782 3445 910 3515 Christi
930 3449 1177 3537 spectantibus,

100 3551 153 3636 qui
181 3551 320 3618 animos
349 3548 529 3616 multorum
557 3549 783 3618 sollicitudine
809 3570 899 3618 vana
923 3551 1173 3637 perturbarent.

99 3653 302 3744 Quanquam
324 3651 414 3717 enim
440 3673 485 3718 ex
505 3650 651 3739 epistola
678 3651 782 3739 priori
810 3660 1057 3738 cognoverant,
1085 3651 1175 3720 idem

105 3753 273 3824 leheitatis
315 3751 416 3838 regni
451 3753 554 3821 divini
596 3754 801 3822 consortium
843 3751 997 3820 omuibus
1030 3753 1098 3825 llei
1140 3763 1177 3822 et

101 3855 221 3927 Christi
243 3853 438 3926 cultoribus
459 3854 573 3940 probis
594 3858 858 3942 exspectandum
880 3877 975 3942 osse,
1002 3877 1065 3923 seu
1086 3878 1177 3922 rnor-

98 3961 143 4026 tni
162 3961 299 4030 luerint
324 3965 406 4024 aute
433 3957 579 4024 reditum
601 3957 727 4026 Christi
755 3955 957 4042 schechem,
986 3979 1048 4024 seu
1069 3956 1177 4028 vitam

98 4060 130 4126 iu
148 4063 201 4129 bis
224 4059 333 4132 terris
355 4057 514 4146 degerint
535 4081 640 4150 usquc
661 4062 706 4128 ad
727 4060 835 4147 ipsam
853 4057 1060 4144 capuccium
1083 4060 1176 4130 houd

98 4164 194 4249 pauci
216 4173 338 4232 tamen
360 4160 425 4228 sibi
447 4170 699 4249 persuaserant,
722 4185 798 4230 cum
818 4161 919 4230 vanis
938 4159 1079 4229 aliorum
1102 4185 1175 4230 scr-

98 4267 252 4336 monibus
265 4263 417 4352 decepti,
438 4271 509 4332 tum
530 4262 620 4334 falsa
639 4264 918 4354 interpretatione
936 4283 1064 4354 sorum,
1084 4287 1176 4355 quoe
