2710 4954
210 477 266 550 lle
287 501 392 553 sensa
411 479 561 552 vaticinii
586 477 625 551 0.
646 477 693 548 11.
722 479 765 554 V·
790 481 936 554 1-12.
1021 479 1102 554 253

34 651 233 715 existimantes
258 653 380 732 quippe,
402 655 574 729 Apostolum
600 655 649 716 vel
673 655 748 714 liaeo
774 655 868 715 omnia
893 659 1106 720 aoeommodote

37 759 77 817 ad
97 759 246 830 opiniones
265 757 403 815 saonem
423 758 583 829 disputasse
613 757 712 836 [omas
737 760 1005 820 accommodationis
1030 775 1106 835 quae

37 875 125 918 eamn
143 857 238 916 tuerit
256 859 439 938 necessaria,
459 859 627 930 praesertim
648 861 725 932 apud
745 859 1017 920 'l'hessalonioensea
1037 877 1106 919 ma·

34 963 138 1022 mam
160 963 273 1034 partem
293 956 454 1020 lithnieosi
475 953 648 1040 quaeritur),
667 961 715 1020 vel
735 963 893 1023 seeundum
912 979 994 1023 suam
1013 961 1105 1036 ipsius

31 1063 270 1140 permsionem,
300 1062 449 1120 onundam
478 1062 591 1136 quidem
623 1077 660 1120 ex
691 1063 804 1136 planitia
835 1066 873 1124 de
899 1057 1104 1144 Ἀντιχρίστῳ

31 1164 185 1238 iudaiois,
210 1177 296 1236 quum
322 1161 410 1220 aelle
429 1163 492 1220 lieri
512 1166 626 1239 posset,
652 1166 700 1240 at,
725 1179 799 1241 quae
822 1165 927 1225 iudaei
954 1167 991 1231 de
1016 1166 1107 1224 rebus

31 1269 199 1326 mentem
218 1265 351 1322 Messiae
368 1266 501 1337 prisma
520 1265 718 1337 praecessuris
736 1271 909 1344 statuerent,
938 1267 1107 1342 Apostolus,

33 1383 142 1445 magna
174 1363 322 1424 hominum
353 1363 461 1425 Christi
491 1367 631 1424 benaioia
669 1368 875 1441 repudiantium
914 1371 1105 1443 perversiora

32 1459 381 1539 multorumque'cllrlstl
407 1467 545 1527 cultorum
570 1468 690 1548 pertidia
716 1471 846 1546 graviter
871 1471 1040 1550 peroulsus,
1064 1470 1104 1528 ad

31 1573 139 1628 ereum
158 1567 248 1641 paulo
273 1571 345 1627 eata
369 1571 498 1628 reditum
518 1570 649 1628 Meastoe
673 1573 770 1630 tuturo
794 1574 972 1630 manutenet.
1022 1572 1105 1640 Quod

30 1671 178 1746 malus
198 1671 314 1743 praeter
340 1669 412 1728 allos
437 1670 676 1729 liertholdtlo-
694 1671 845 1744 probatore
871 1673 1044 1749 idioteitanp
1069 1677 1104 1732 in

30 1778 77 1833 eie
111 1769 275 1845 &mileo
307 1773 359 1830 dea
391 1771 430 1830 A.
457 1773 523 1830 aad
549 1773 588 1830 Ν.
619 1773 653 1830 Τ.
692 1773 756 1831 Vol.
781 1773 837 1833 Vi.
861 1789 893 1848 p.
911 1775 1013 1832 8478.
1039 1789 1102 1850 app.

31 1872 247 1934 seivmldtlo
266 1871 296 1930 in
316 1874 394 1936 eloai
413 1873 452 1933 N.
477 1873 511 1930 Τ.
532 1872 570 1930 ad
590 1869 620 1930 h.
639 1871 660 1930 1.
678 1871 836 1932 Reiehlo
856 1879 1011 1934 emmane.
1031 1877 1103 1932 atn-

30 1981 131 2036 dicia
162 1973 339 2036 mtlettioe
371 1975 547 2051 posterioria
574 1976 616 2034 od
643 1973 744 2034 ulca.
776 1989 823 2050 ep.
857 1973 961 2052 (ooo.
985 1973 1104 2052 idid.)
1160 1989 1163 1994 ·

29 2075 135 2152 rw·
153 2091 221 2152 roo·

117 2177 188 2238 Noa
207 2175 339 2254 quidem,
358 2177 387 2234 ln
408 2175 465 2234 hoo
484 2179 563 2236 tana
582 2177 786 2239 sententiarum
807 2177 981 2258 diversitate,
998 2177 1104 2238 luben·

30 2287 74 2340 ter
94 2279 284 2354 profitemur,
303 2277 340 2336 de
360 2278 494 2337 vatioiolo
514 2280 634 2338 Paulino
653 2283 729 2340 idem
749 2281 864 2357 vatem,
884 2283 961 2356 quod
982 2281 1019 2340 de
1040 2279 1107 2338 aliis

31 2381 177 2442 modi
199 2381 291 2440 eisatis
310 2379 446 2438 libromm
465 2397 631 2457 sacrorum,
656 2387 802 2442 sermonis
819 2385 986 2460 prophetici
1010 2381 1105 2442 later-

30 2483 225 2561 pretationem
245 2493 364 2554 prorsua
383 2481 581 2560 perspicuam,
608 2499 681 2556 quaa
707 2485 836 2542 omnibns
862 2484 938 2543 omni
964 2488 1107 2556 exparte

30 2584 214 2658 nfflaaiat,
232 2582 328 2642 laeum
347 2579 454 2639 habere
473 2597 531 2640 nou
549 2597 652 2661 posse,
677 2584 733 2642 nisi
752 2584 809 2642 iam
829 2563 1000 2657 apparuerit
1011 2599 1105 2642 eoen-

30 2693 97 2748 rom
118 2687 228 2760 ipsum,
246 2685 322 2758 qaod
340 2683 477 2741 vatleinio
497 2687 632 2741 aeouraoe
651 2685 830 2756 respondeat.
870 2687 936 2744 lloo
955 2685 1031 2744 enin
1051 2699 1105 2742 se-

31 2803 98 2847 eum
120 2781 206 2846 te'rre
225 2783 299 2842 solet
317 2787 419 2842 natm
439 2788 468 2844 et
486 2785 596 2844 indoles
616 2785 797 2861 prophetiae,
818 2786 1004 2862 nomenoio,
1029 2801 1106 2861 quae

31 2891 68 2948 ad
87 2905 155 2949 rem
177 2889 304 2945 futuram
323 2887 481 2961 pertinent,
505 2887 595 2944 veluti
614 2888 706 2944 ooods
732 2887 930 2963 depingentis,
952 2888 1007 2947 sed
1031 2903 1106 2946 non-

31 2993 112 3049 ooila
133 2987 323 3065 (praesertim
329 3028 340 3064 ,
365 3003 439 3063 quae
457 2991 573 3062 propter
592 2988 685 3059 ipsam
704 2985 749 3045 rei
774 2987 898 3046 indolem
923 2991 991 3046 anta
1011 3003 1107 3046 evea·

29 3097 96 3148 turn
126 3087 333 3163 perspicuitate
356 3104 468 3147 summ
493 3087 618 3146 desorlbi
649 3090 808 3164 nequeant,
838 3089 887 3146 vel
911 3089 1111 3165 singularibus

32 3194 76 3249 da
105 3191 199 3248 urnis
230 3189 328 3248 adino
353 3189 491 3249 oennltari
517 3189 637 3265 debent)
669 3188 794 3246 breviter
818 3193 926 3250 tanturn
952 3190 1105 3250 innuentia.

32 3295 190 3367 Amen,
207 3297 242 3349 nt
261 3296 385 3350 mentem
404 3291 553 3366 Apostoli,
577 3294 711 3364 quamam
730 3289 792 3348 ierl
811 3292 918 3368 possit,
943 3293 1107 3367 perspicia-

32 3411 114 3471 mus,
140 3393 268 3452 menda
287 3397 354 3450 sant
373 3399 492 3467 quatuor
518 3391 584 3469 ilia,
611 3392 648 3451 de
675 3393 776 3466 quibua
795 3409 891 3465 sopra
915 3395 1108 3474 exposuimus,

31 3495 244 3571 imepretandi
263 3494 413 3574 principia.
454 3495 508 3552 liis
527 3494 730 3567 praeeuntibus
749 3507 806 3553 non
822 3494 992 3572 dubitamus,
1011 3497 1107 3556 animo

32 3597 119 3658 Pauli
139 3597 323 3655 &versam
343 3611 409 3654 esse
428 3595 582 3672 imaginem
608 3593 736 3653 vividam
759 3611 925 3676 personae,
952 3613 1036 3672 quam
1057 3598 1107 3656 di·

33 3715 105 3758 eere
122 3699 215 3756 liceat
233 3699 371 3776 ideoteot,
391 3699 483 3756 eota
502 3697 678 3769 potissimam
700 3697 914 3774 Anti-Christi,
933 3697 1058 3756 auetoris
1078 3700 1108 3756 et

34 3801 176 3858 admotis
207 3798 361 3871 impietatis
390 3797 588 3858 atrocissimae
613 3799 736 3872 quodvis
761 3803 890 3858 sanctiam
904 3813 952 3855 ao
979 3799 1107 3858 divinam

35 3901 217 3976 mentis,
236 3900 368 3958 insonet
388 3899 498 3958 virilius
523 3901 664 3960 enmono
683 3901 837 3958 &enicas
864 3879 1028 3972 ardensque
1047 3915 1107 3956 va-

35 4005 91 4076 nis,
112 4015 189 4075 quae
209 4001 385 4073 dwlplondls
403 3999 561 4060 inserviant
580 4003 686 4077 multis,
705 3999 845 4074 prodituri
863 4001 949 4074 paulo
970 4005 1036 4058 anta
1053 4015 1107 4058 re-

36 4103 128 4159 ditum
148 4101 266 4162 mmihi
290 4103 329 4160 ad
354 4103 492 4161 iudicium
512 4106 684 4178 extrenmm,
709 4102 885 4160 moomimrt
910 4101 1024 4160 anton
1049 4117 1109 4174 po-

37 4205 146 4261 tentiae
165 4203 281 4262 Domini
307 4203 431 4263 divinae.
481 4205 528 4261 Ex
554 4206 694 4263 sententia
719 4203 853 4277 Apostoli
877 4203 952 4262 inter
976 4201 1109 4264 lomnes

37 4319 111 4362 ma
128 4305 233 4364 mos
253 4305 424 4381 depravatos
430 4345 440 4382 ,
459 4305 574 4380 pietatis
595 4321 683 4364 verae
703 4309 851 4384 expertes,
870 4304 1040 4398 reiglonem
1061 4306 1108 4366 ai-
