2802 4956
244 623 317 670 mus
340 601 420 670 rtem
441 601 548 690 ipsius
569 599 668 669 rann
689 599 797 672 vena
820 602 861 674 ι.
882 601 1050 670 marran.
1073 597 1112 687 e,
1137 600 1171 668 1.
1194 599 1232 669 a.
1254 599 1310 668 ae·

242 705 423 790 firmantis,
452 727 489 771 se
518 703 680 772 maluisse
713 701 860 772 Aedem
885 705 992 772 solum
1017 726 1203 771 renuam
1231 709 1312 786 (rra-
1376 769 1377 784 ,

241 807 577 898 ταλιιφθῆναι).
598 828 698 895 quam
725 806 850 874 diutius
879 805 971 874 ferre
998 804 1166 874 inscitiam
1187 827 1311 888 rerum,

144 933 147 940 ·
242 930 329 998 quae
360 909 448 976 inter
480 906 809 976 Thessalonicenses
843 916 1043 995 agerentur,
1076 909 1218 996 meoque
1250 908 1311 978 Τι’-

243 429 270 500 6
626 431 941 520 Prolegomena.

122 1082 130 1096 ,
156 1089 158 1094 ,
240 1010 406 1080 matheum
427 1009 478 1074 ad
495 1031 550 1078 eos
569 1012 717 1097 msbe'ese,
739 1009 869 1076 animos
891 1031 1006 1077 eorum
1029 1011 1312 1078 confirmaturum.

239 1111 338 1198 lpsa,
370 1111 505 1198 opinor,
533 1112 713 1180 verborum
743 1111 869 1197 series,
897 1133 1047 1199 ususque
1077 1112 1132 1180 vb.
1164 1117 1314 1181 καταλει-

241 1215 381 1304 φθῆναι
402 1215 516 1302 utiquo
538 1215 650 1300 docet,
672 1234 737 1302 quo
759 1212 833 1280 iure
855 1211 1070 1299 Timotheus,
1093 1215 1157 1282 etsi
1180 1217 1314 1282 Beroea
1376 1225 1377 1304 p

241 1314 395 1380 Athenas
424 1316 469 1380 ad
489 1313 633 1382 Paulum
655 1336 734 1382 mox
754 1314 931 1402 profectus
951 1313 1092 1408 luisset,
1120 1324 1158 1382 ut
1179 1317 1311 1384 deside-

241 1417 292 1482 rio
304 1415 459 1504 Apostoli
483 1415 712 1502 satisfaceret,
734 1417 885 1484 eiusdem
906 1424 1031 1502 tamen,
1054 1419 1097 1481 de
1119 1417 1311 1484 conditione

241 1517 601 1591 Thessalonicensium
615 1541 820 1607 magnopere
836 1516 985 1604 solliciti,
1007 1518 1165 1585 orandato
1186 1519 1312 1586 instru-

241 1627 331 1698 ctus,
361 1620 506 1688 Athenis
530 1620 721 1714 digressus,
748 1618 1018 1688 Thessalonicen
1047 1619 1191 1687 rediisse
1219 1621 1313 1687 dica·
1376 1637 1377 1646 ¹

240 1729 306 1787 tur.
360 1720 561 1790 Nacoliam
591 1721 792 1794 sententiam
821 1722 902 1790 mihi
930 1728 1191 1809 persuaserunt,
1224 1744 1313 1809 quae
1376 1713 1377 1722 ἵ

239 1823 445 1909 nuperrime¹
460 1823 504 1892 V.
528 1823 606 1891 Car.
634 1825 850 1892 Schrader
877 1824 1051 1910 opposuitr
1079 1823 1147 1890 der
1171 1821 1318 1913 Apostd

238 1926 393 2011 Paulus,
416 1939 530 1992 mter
555 1927 676 2012 Thea,
697 1925 870 2018 Leipzig,
894 1923 1011 1990 1830.
1035 1921 1209 2014 p.6S.sq.
1243 1925 1312 1994 Ne·
1376 1997 1377 2018 ,

238 2034 300 2110 gat
332 2028 369 2112 ιι)
395 2025 561 2096 Actorum
591 2025 654 2112 17,
686 2023 836 2094 1616.
864 2027 906 2092 da
933 2027 1091 2090 mandato
1119 2049 1311 2094 sermonem
1376 2019 1377 2048 ¹

239 2147 333 2212 esse,
361 2129 448 2216 quod
475 2127 693 2194 Timotheum
722 2127 895 2216 Silamque
921 2125 1077 2194 Athenas
1101 2128 1311 2216 potissimum

238 2229 355 2318 venire
377 2229 524 2296 iusserit.
569 2229 643 2296 Etsi
666 2229 799 2297 omnino
821 2227 927 2296 verba
947 2251 980 2296 v.
1008 2227 1068 2294 15.
1101 2226 1158 2298 ἵνα
1181 2227 1225 2312 ὡς
1253 2230 1312 2300 τά·

235 2353 336 2419 χιστα
354 2331 481 2398 ἔλθωσι
497 2327 579 2414 πρὸς
595 2326 698 2398 arisbe)
715 2353 775 2420 per
790 2353 828 2398 ee
845 2338 1002 2418 speciata
1019 2339 1198 2422 utrumque
1211 2333 1311 2402 Pauli

238 2433 366 2500 socium
379 2434 535 2504 universe
552 2441 683 2504 tantum
695 2433 860 2500 colereter
873 2435 984 2523 ι’ριιιιιι
993 2431 1311 2523 msbsepus'iuheant,

237 2537 309 2602 loco
329 2558 394 2603 nou
422 2535 589 2621 iudicato,
618 2556 664 2600 ex
689 2535 732 2600 iis
761 2543 892 2619 tamen,
921 2557 1008 2623 quae
1034 2558 1066 2602 r.
1092 2533 1154 2604 16.
1183 2539 1310 2606 addun-

187 2640 191 2647 ’
238 2646 310 2723 tur,
332 2661 440 2726 neque
462 2637 528 2705 nisi
551 2639 592 2704 de
613 2635 722 2705 Paulo
743 2635 889 2706 meone
909 2635 986 2701 illos
1007 2635 1167 2704 invitatos
1189 2661 1309 2726 exspe-

239 2747 352 2806 ctante
385 2737 528 2824 intelligi
555 2747 712 2825 possunt,
747 2736 938 2805 luculenter
965 2746 1077 2824 petet,
1109 2739 1309 2825 Apostolum

239 2840 417 2918 comitibus
451 2841 523 2909 suis
556 2841 725 2908 Beroeam
761 2837 922 2906 redituris
960 2839 1028 2908 Aac
1055 2853 1187 2915 mente,
1220 2845 1309 2929 qnod

239 2965 271 3007 v.
297 2939 358 3009 15.
381 2949 684 3028 commemoratur,
706 2943 899 3008 mandatum
921 2939 1057 3007 dedisse
1078 2943 1122 3006 ad
1144 2940 1252 3010 Silam
1274 2953 1310 3011 et

238 3043 455 3112 Timotheum
482 3043 738 3134 perferendum,
768 3050 805 3110 ut
826 3050 966 3130 uterque
989 3042 1063 3107 sine
1085 3063 1180 3108 mora
1201 3043 1308 3110 Aede-

237 3169 301 3214 aae
329 3146 470 3216 veniret.
519 3145 559 3233 b)
590 3145 717 3212 l'armn
747 3143 923 3233 probabile
957 3142 1057 3231 dicit,
1089 3145 1207 3233 paucis
1239 3145 1308 3213 illis
1376 3161 1377 3187 ι

237 3247 519 3331 bebdomadibus,
542 3246 585 3312 ab
607 3269 649 3314 eo
671 3248 748 3316 inde
770 3254 934 3334 tempore,
957 3268 1021 3336 quo
1044 3247 1187 3314 comites
1208 3247 1309 3315 Pauli

237 3349 452 3414 Beroecnses
482 3347 517 3413 iu
548 3346 665 3418 urbem
699 3369 794 3413 suam
821 3347 972 3414 redirent
998 3346 1101 3429 (Acte.
1126 3347 1194 3435 17,
1220 3347 1308 3437 lib),

236 3471 342 3537 usque
364 3450 443 3514 dum
464 3447 593 3515 Paulus
608 3449 759 3520 Corinthi
780 3471 802 3514 a
822 3447 967 3516 Judaeis
988 3448 1207 3516 adEthnicos
1228 3473 1309 3518 sese

237 3557 453 3618 converteret
472 3550 578 3638 (Acte.
606 3549 666 3637 18,
687 3549 727 3619 4.
750 3548 786 3615 5.
807 3547 868 3637 6.),
890 3549 1028 3637 elapsis,
1049 3550 1123 3618 lieri
1144 3551 1309 3639 potuisse,

238 3660 276 3719 ut
307 3651 467 3720 Silvanus
500 3654 632 3742 quidem
673 3675 715 3718 ac
749 3649 951 3719 Timotheus
986 3653 1121 3720 Beroea
1152 3652 1308 3722 Athenas

238 3753 549 3841 proficiscerentur,
583 3754 785 3822 Timotheus
817 3773 899 3822 vero
934 3753 1053 3822 iterum
1083 3753 1308 3824 Thessaloni-

238 3878 301 3928 ceu
322 3858 467 3942 rediret,
494 3857 710 3944 peractisque
731 3855 829 3922 Pauli
851 3857 1020 3922 mandatis
1040 3857 1084 3922 ad
1104 3844 1307 3944 Apostolum

236 3979 313 4024 sese
335 3958 524 4043 conferret,
551 3959 682 4025 interea
703 3955 901 4023 Corinthum
929 3957 1128 4046 proleotum.
1179 3959 1228 4024 At
1248 3981 1308 4024 ne-

235 4078 300 4146 que
323 4067 467 4144 constat,
488 4059 652 4156 quamam
672 4057 886 4147 Timotheus,
909 4083 1009 4150 quum
1031 4058 1200 4128 desiderio
1214 4059 1305 4146 Apo-

226 4157 316 4240 stoli
344 4161 586 4247 satisfecisset,
619 4160 762 4230 Athenis
790 4171 1016 4232 commoratus
1048 4161 1168 4245 fuerit,
1195 4181 1306 4250 neque

236 4259 376 4349 Lucas,
410 4270 492 4352 quot
523 4264 750 4332 hebdomades
781 4262 910 4333 Paulus
954 4264 1044 4336 inter
1078 4262 1306 4332 Athenienses
