2710 4954
274 443 356 521 *td*
503 439 610 528 api-c
631 435 675 508 ll·
702 438 746 506 ad
766 435 1105 508 Thessalonicenses.

277 637 423 682 nimis,
452 617 586 680 &omres
616 626 706 672 sanos
736 626 902 687 morumque
935 619 1133 692 corruptores,
1163 613 1200 674 de
1226 615 1323 690 quom

274 737 327 779 ..in
346 719 527 788 „prquam
545 716 642 790 mm,
667 719 700 772 ut
719 729 807 788 supra
826 715 966 792 vidimus,
991 717 1120 792 graviter
1146 731 1323 792 conquerun-

278 842 330 879 t...
360 839 410 879 u
428 817 564 880 ummtat
583 814 633 874 ille
654 815 844 893 (quanquam,
871 820 938 893 quia
957 816 1056 878 esseti
1075 819 1257 899 ignorabat),
1277 823 1324 896 qui

266 937 417 981 emmaus
436 919 549 994 quietern
568 917 731 976 inocculto
752 919 937 995 operabatur,
957 921 1076 992 posthac
1096 937 1183 999 saro,
1206 923 1323 980 mmuls-

268 1037 342 1084 rouo
362 1019 438 1080 onai
457 1017 603 1095 deposita,
627 1017 760 1095 religioni
786 1035 875 1079 verae
901 1024 1101 1082 ettioacitatem
1125 1039 1207 1082 suam
1225 1026 1323 1097 perni-

265 1121 451 1184 omisisse
470 1119 563 1194 pelam
582 1123 646 1178 erat
665 1119 860 1198 oppositurus,
889 1128 919 1182 et
936 1125 1022 1182 talem
1042 1139 1109 1182 sese
1128 1125 1323 1185 manifestatu-

264 1241 329 1294 ιω,
349 1221 441 1298 queis
459 1235 490 1278 v.
510 1220 540 1281 D.
560 1218 590 1278 d.
611 1220 640 1277 D.
662 1219 712 1279 10.
733 1221 912 1284 describitur.
962 1225 1081 1294 Qualem
1107 1241 1178 1284 sero
1197 1233 1323 1299 potesta-

262 1331 320 1387 teai
338 1323 392 1382 stad
413 1315 580 1398 scripum
602 1316 658 1382 sir
680 1313 858 1400 ἄνθρωπον
878 1323 936 1396 τῆς
962 1317 1124 1406 ἁμαρτίας
1150 1327 1324 1404 intellexerit,

261 1425 408 1492 metilius
426 1421 514 1482 dictu.
555 1423 699 1483 Permulta
718 1423 818 1502 halet,
838 1424 940 1498 quom
961 1429 1188 1505 commendetur,
1206 1435 1323 1489 muten-

259 1526 302 1587 tis
319 1541 408 1598 supra
428 1522 558 1598 exposita
587 1541 699 1601 eorum,
725 1524 773 1600 qui
793 1540 880 1584 veros
906 1527 1057 1604 religionis
1082 1530 1227 1605 doctores,
1254 1549 1323 1606 prae

261 1625 366 1691 esteris
381 1625 511 1702 Paulum,
531 1625 700 1702 intelligunt
743 1626 864 1687 obstare
883 1632 989 1688 tantmn
1010 1631 1143 1690 sidentur
1162 1633 1227 1690 son.
1247 1649 1276 1691 v.
1294 1634 1322 1690 7.

260 1727 352 1792 &neo
373 1717 392 1788 ὅ
416 1722 557 1803 κατέχων
584 1741 627 1786 em
646 1729 745 1787 memo
761 1724 860 1801 foetet
877 1733 1027 1809 motum,
1054 1747 1139 1806 quum
1158 1734 1323 1810 Apostolus,

260 1845 317 1904 que
335 1834 464 1902 temporo
482 1829 593 1888 litteras
614 1828 693 1887 dedit
711 1829 749 1887 ed
770 1830 1053 1910 Thessalonicenses,
1072 1833 1201 1916 lubenter
1220 1837 1323 1910 acqui-

258 1932 355 1997 euhse
375 1930 507 1989 videatur
526 1929 557 1988 in
577 1930 788 2004 exspectatione
807 1931 948 2010 iucunda,
966 1934 1059 2008 ipsum
1078 1935 1199 1996 forsitan
1217 1935 1248 1996 ln
1265 1939 1324 1994 sita

258 2031 387 2092 terrestri
407 2031 588 2103 superstitem
608 2032 672 2090 lore
692 2032 812 2092 Domino
838 2033 984 2092 redeunte
1033 2038 1095 2095 Cir.
1115 2038 1154 2096 ad
1180 2039 1210 2098 Ι.
1224 2035 1323 2098 rosis

258 2135 368 2213 4,1s.
396 2133 509 2192 observ.
563 2133 762 2194 comesuram
795 2137 889 2192 mmen
914 2133 1097 2209 interponere
1122 2137 1225 2216 liceat,
1254 2140 1324 2198 lllnd

258 2235 315 2300 iius
335 2231 370 2294 is
391 2230 490 2313 ploce
512 2229 638 2311 γίνηται
658 2235 778 2296 lursiten
798 2252 855 2296 non
876 2252 943 2296 mse
962 2236 1000 2296 de
1025 2238 1220 2301 internecione
1238 2240 1325 2301 huius

257 2331 448 2412 κατέχοντος
474 2336 729 2414 interpretandum,
755 2337 840 2398 immo
866 2337 904 2398 de
935 2338 1052 2399 aliare
1078 2345 1196 2402 externe
1227 2343 1273 2420 (r.
1297 2359 1324 2402 c.

257 2440 428 2513 captivitate
448 2435 567 2516 duro),
588 2439 755 2511 potestatem
774 2439 1006 2518 euphemium,
1032 2457 1117 2516 quam
1139 2435 1157 2508 ὅ
1181 2439 1325 2521 κατέχων

256 2533 430 2614 silqmniutu
451 2539 496 2618 τῷ
516 2536 679 2620 μυστηρίῳ
700 2534 758 2615 seio
779 2536 918 2625 ἀνομίας
938 2539 987 2617 (v.
1008 2543 1055 2621 ἶ.)
1077 2547 1257 2619 oppositurus
1277 2547 1326 2619 sit,

254 2655 309 2700 suo
329 2645 457 2714 ternpore
476 2642 606 2699 {rectura
612 2682 622 2717 ,
647 2642 688 2700 ita
708 2647 740 2701 ut
758 2641 843 2704 homo
870 2642 983 2719 peceati
1001 2646 1094 2716 palam
1115 2646 1231 2719 prodire
1249 2663 1326 2720 pos-

255 2744 306 2821 sit,
326 2745 419 2802 doneo
439 2744 577 2804 Dominus
596 2743 769 2817 apperuerit
810 2745 902 2806 Usum
928 2748 1007 2804 certe
1033 2745 1169 2821 loquendi
1192 2761 1249 2806 non
1269 2765 1325 2806 re-

255 2860 401 2923 pugnare,
420 2843 451 2904 ln
465 2849 621 2913 ,comment
642 2847 679 2903 sd
698 2861 732 2909 r.
749 2845 779 2903 7.
800 2845 958 2906 docuimus.
1001 2847 1143 2924 Ceterum,
1162 2865 1325 2923 quanquam

253 2947 381 3025 ingenuo
400 2947 574 3024 promemus,
593 2945 765 3021 Apostolum
776 2945 932 3006 hocsemu
946 2946 1088 3008 hominem
1104 2950 1216 3023 pcccati
1231 2951 1326 3022 prod-

252 3051 357 3110 iturum
386 3050 553 3127 nuntiasse,
585 3051 758 3110 commedere
788 3052 882 3108 umen
910 3051 1061 3127 nolumus,
1091 3051 1325 3110 vaticinationem

253 3152 402 3214 Paulinam
427 3153 465 3212 ad
491 3167 546 3212 nos
573 3153 686 3212 omnino
714 3167 771 3215 non
802 3151 924 3225 amplius
950 3151 1106 3228 periinere,
1138 3153 1324 3211 coniunctam

253 3252 359 3327 quippe
379 3258 408 3311 et
433 3253 560 3327 opinioni
576 3255 718 3314 Judaiose
737 3251 964 3330 Anti-Christi,
990 3255 1020 3317 et
1044 3253 1203 3314 rationibus
1231 3255 1326 3312 vsriis

251 3353 364 3412 illorum
398 3357 571 3430 temporum,
602 3371 677 3430 quae
708 3355 813 3414 dudum
844 3354 1043 3430 praeterierint
1070 3355 1147 3414 nullo
1178 3354 1327 3414 eiusmodi

252 3453 469 3515 Anti-Christo
489 3459 653 3530 appsraate.
701 3455 835 3514 lieditum
861 3457 974 3531 quidem
993 3455 1107 3516 Domini
1126 3460 1185 3514 tum
1204 3459 1326 3530 ternpo-

250 3557 292 3620 ris
311 3554 388 3618 naui
415 3554 455 3616 lta
479 3555 582 3632 procul
608 3561 747 3618 remotum
778 3557 923 3635 cogitasse
949 3557 1063 3620 vidmur
1082 3537 1243 3631 ipsium
1265 3575 1326 3616 um

251 3677 317 3720 eum
338 3659 480 3736 plerisque
494 3657 604 3720 Christi
623 3659 777 3720 cultoribus
789 3660 967 3736 (quanquam
986 3677 1042 3720 non
1058 3673 1147 3720 ansus
1166 3663 1223 3737 est,
1245 3676 1324 3716 sen-

249 3765 366 3824 tentiam
392 3764 429 3823 de
454 3769 586 3838 tenpore
611 3761 697 3820 umus
718 3764 812 3820 eventi
831 3762 1015 3836 pronuntiare
1041 3761 1195 3840 comm),
1224 3777 1325 3835 neque

250 3867 386 3928 ebetinuit
420 3865 551 3924 termulis
585 3863 798 3939 christologiae
827 3864 968 3925 iudaicae
1004 3865 1209 3939 familiaribus,
1245 3879 1325 3938 quse

248 3969 318 4030 huic
345 3963 505 4047 παρουσίᾳ
533 3967 645 4026 Domini
665 3965 844 4040 splendorem
871 3967 1011 4040 quendam
1036 3968 1194 4027 induerent
1214 3970 1325 4023 exter-

248 4087 325 4128 num.
382 4071 544 4129 Futilemne
578 4071 730 4143 propterea
766 4067 945 4129 censebimus
979 4068 1072 4142 ipsam
1110 4060 1324 4144 cogitationem

248 4171 389 4229 eiusmodi
418 4170 580 4230 mutationis
611 4185 708 4230 rerum
733 4168 918 4229 humanarum
943 4169 1069 4245 lugentis
1094 4185 1131 4228 ao
1152 4168 1325 4228 assuberri-

249 4287 314 4332 arae
341 4272 493 4347 eliquando
518 4287 571 4348 per
596 4272 742 4333 christum
775 4271 807 4333 in
838 4275 897 4332 toto
922 4275 1061 4334 terrarm
1091 4273 1164 4334 oria
1188 4273 1326 4341 futurae,
