2802 4956
448 439 764 530 i’rolegomcna.
1087 441 1141 512 22

75 613 247 703 permutes
267 613 470 698 taceamne)
493 613 667 682 Ironoeee
688 619 807 681 contra
827 611 939 681 haere.
959 612 984 680 l.
997 613 1034 682 5.
1057 637 1087 684 c.
1102 613 1141 684 5.

77 717 112 804 5
132 717 158 782 1.
185 717 347 784 Olenum
367 714 477 782 Alex.
498 717 643 802 paedag.
664 715 687 782 l.
705 716 739 782 1.
769 739 800 803 p.
816 711 880 781 89.
903 717 946 783 Α.
970 719 1023 783 etl.
1036 715 1141 799 sylb.

83 819 216 885 renale.
237 821 283 886 de
307 838 441 884 resurr.
463 817 575 884 carnis
593 841 623 886 c.
637 815 700 884 24.
747 817 921 910 Origenes
934 819 1142 886 contraGel·

76 917 243 1006 15112,
268 941 309 1006 p.
330 917 428 985 437.
454 917 479 984 l.
500 917 538 1006 ³,
565 941 598 1007 p.
619 915 714 986 458.
757 918 803 985 Τ.
825 919 853 985 1.
883 921 937 985 ed.
965 919 1142 987 Beneslict.¹

74 1029 237 1088 ament.
261 1023 299 1087 in
325 1019 449 1088 Manu.
471 1045 504 1110 p.
525 1018 618 1088 489.
641 1021 674 1087 in
698 1020 857 1107 Origcnis
879 1022 1065 1108 exegeticis
1088 1023 1143 1090 ed.

75 1121 217 1190 uenus.
260 1121 447 1211 Itemque,
461 1124 550 1213 quod
564 1127 790 1214 posteriorem
807 1124 939 1210 attinet,
960 1145 1026 1190 non
1047 1123 1143 1212 proi·

78 1247 130 1291 sm
153 1235 244 1293 certa
272 1225 416 1316 quidem
444 1247 487 1293 ac
515 1225 655 1293 definita
682 1234 776 1314 sunt,
805 1248 892 1316 quoe
918 1229 1007 1314 apud
1034 1225 1142 1315 Poly·

75 1349 204 1416 curru
225 1351 284 1416 ep.
309 1325 527 1415 auPhiltpp.
549 1349 579 1394 o.
602 1327 664 1394 11.
693 1350 746 1396 ex.
775 1336 811 1394 et
831 1327 1010 1396 Jmn'nom
1029 1327 1142 1396 Mart.

74 1429 145 1494 tin.
170 1453 246 1497 cum
259 1429 459 1518 Tryphone
481 1431 533 1497 ed.
548 1427 665 1508 Goion.
687 1450 719 1517 p.
738 1425 830 1496 336.
852 1430 897 1496 ad
918 1429 1023 1498 verba
1043 1429 1142 1498 huius
1239 1437 1243 1446 '

74 1551 123 1618 ep.
141 1534 318 1621 respicere
341 1533 531 1599 videantur·
580 1532 756 1601 [renam
782 1541 864 1602 vero
886 1539 1007 1599 contra
1028 1532 1142 1600 haerr.

73 1631 142 1698 [5.
161 1657 190 1700 c.
204 1633 243 1699 7.
263 1632 301 1721 ἦ.
326 1631 366 1699 2.
414 1633 568 1702 aemma
588 1633 692 1700 Aloe.
718 1641 867 1701 stromm.
889 1633 912 1700 l.
930 1631 966 1700 ὃ.
994 1655 1027 1722 p.
1048 1633 1141 1702 5⁶4.

80 1733 234 1813 cassin.
247 1733 402 1803 Tmoli.
425 1737 467 1803 de
488 1735 739 1802 resurrectione
762 1735 874 1804 carnis
896 1758 927 1802 c.
941 1733 1005 1801 24.
1028 1737 1143 1822 (prae-

84 1841 135 1900 ter
150 1833 233 1900 aiios
253 1837 378 1903 multoe
402 1835 563 1924 seriores)
585 1835 726 1922 originis
754 1836 827 1904 eius
848 1833 1014 1904 Paulinae
1035 1844 1143 1904 testes

79 1943 203 2004 eruam
233 1935 447 2024 gravissimi.
503 1939 577 2008 Nec
609 1939 806 2006 Marcionis
838 1937 988 2005 Gnostici
1022 1939 1144 2006 canoni

74 2049 207 2128 uvaque
229 2040 344 2107 defuit
364 2038 527 2128 epistola,
547 2041 604 2110 vti.
626 2040 700 2128 Epi
707 2040 886 2129 phanias
908 2042 1007 2110 haer.
1026 2039 1142 2110 XLII.

78 2143 217 2209 Teos-tt
247 2150 372 2210 contra
402 2140 509 2208 Marc.
537 2139 561 2209 1.
584 2141 620 2208 5.
671 2141 890 2229 Comprobari
918 2145 1056 2232 insuper
1083 2167 1143 2232 po·

73 2245 219 2310 nteriorie
247 2267 303 2332 ep.
332 2243 544 2311 authentiam
566 2251 601 2312 et
622 2239 862 2312 sententiarum
887 2253 923 2313 et
944 2244 1144 2313 elocutionis

72 2344 180 2412 indole
205 2367 353 2434 prorsus
380 2344 542 2432 Paulina,
571 2346 744 2437 hucusque
774 2369 890 2415 ornnes
918 2353 1143 2435 agnoverunt,

74 2457 207 2536 macter
227 2449 359 2516 Christ.
380 2447 670 2516 Schmidtium=
698 2449 982 2535 Bs'ble'othelcfiir
1002 2449 1143 2538 Krt'ts'k,

75 2551 236 2642 Exegere
268 2551 351 2618 und
367 2549 718 2642 Ksrchersgercheelote
745 2550 878 2620 voili.
907 2573 940 2639 p.
959 2549 1051 2618 381).
1071 2573 1144 2642 sqq.
1229 2565 1232 2572 '

76 2651 213 2719 meis
234 2656 277 2719 ἐκ
298 2653 365 2718 dae
385 2653 435 2720 N.
453 2653 496 2721 Τ.
519 2655 572 2720 ed.
584 2651 630 2720 11.
652 2653 729 2722 vol.
743 2651 788 2720 11.
810 2675 842 2740 11·
863 2651 955 2721 256.
968 2657 1007 2742 ⁸).
1038 2653 1143 2722 Cuius

75 2762 275 2840 argumenta
299 2754 495 2842 nuperrime
531 2754 725 2822 accuratius
753 2754 945 2828 examinata
972 2762 1068 2842 sunt,
1094 2756 1145 2824 ita

75 2865 112 2922 rt
129 2857 209 2923 ruffi
231 2875 368 2947 quoqne
387 2857 668 2946 persuaderetur,
688 2880 732 2925 ne
752 2841 842 2924 iilius
864 2857 997 2946 quidem
1021 2858 1144 2924 sectio-

78 2957 146 3042 nis,
173 2982 260 3048 qnae
284 2958 322 3026 G.
336 2955 384 3024 11.
412 2981 445 3028 v.
468 2959 549 3026 1-
564 2958 624 3026 12.
652 2959 860 3044 continetur,
888 2961 1011 3024 nedum
1037 2949 1165 3025 totius

82 3059 238 3144 epistolae
260 3060 471 3128 authentiam
497 3070 593 3130 recte
615 3062 648 3129 in
671 3062 806 3128 dubium
824 3057 951 3126 vocari.
999 3057 1054 3125 De
1076 3059 1145 3124 sin-

88 3159 174 3242 gulis
189 3161 335 3230 onustes
358 3161 575 3230 disseramus.
623 3163 659 3250 o)
679 3160 908 3230 Adversarius
936 3158 1087 3226 eruditus
1109 3160 1145 3228 in

85 3259 131 3324 iis
156 3261 299 3341 offendit,
333 3283 422 3353 quac
454 3287 507 3352 ep.
523 3263 569 3332 11.
599 3287 629 3332 c.
648 3261 685 3331 2.
713 3286 746 3333 v.
769 3263 802 3331 1.
822 3259 858 3332 2.
879 3260 916 3329 3.
944 3261 1142 3358 obveniuntz
1183 3322 1187 3356 ,

79 3383 162 3449 rego
182 3385 260 3454 vos,
282 3366 429 3453 fratres,
449 3387 494 3432 ue
515 3365 687 3454 patiamini
709 3387 769 3434 vos
792 3365 859 3433 cito
882 3363 983 3436 dciioi
1003 3387 1144 3452 persua-

80 3465 170 3534 sione
189 3477 306 3552 recta,
328 3475 390 3534 aut
417 3468 584 3536 desiderio
607 3469 705 3535 anxio
727 3468 929 3556 perturbari,
950 3488 1060 3556 neque
1081 3490 1144 3555 per

79 3589 153 3654 ecs,
173 3571 230 3658 qui
252 3569 418 3636 adflatum
439 3569 588 3637 divinum
609 3571 812 3638 mentiuntur
832 3569 1029 3659 (prophetas
1051 3593 1143 3637 men-

82 3669 208 3758 daces),
228 3693 344 3759 neque
363 3692 428 3756 per
448 3689 634 3739 sermonem
656 3680 716 3738 aut
737 3671 912 3760 epistolam
939 3680 1099 3760 tanquam
1121 3693 1144 3738 a

80 3791 132 3838 nc
148 3774 358 3861 profectam,
382 3777 486 3862 quasa·
501 3777 663 3864 praeroso
684 3777 860 3842 emmisset
885 3774 960 3841 dees
984 3775 1144 3843 Doms'm'.

140 3967 173 4024 tt)
183 3967 354 4028 nunquan
363 3963 466 4017 vener.
483 3963 531 4015 De
546 3963 665 4016 wette
681 3963 732 4015 has
749 3962 933 4017 tcbtmttcnea
948 3965 1055 4015 raucae
1070 3963 1144 4016 haud

77 4045 223 4101 mon
239 4061 308 4101 esse
324 4047 479 4114 profitetur,
496 4048 557 4099 totu
572 4053 663 4099 nmen
679 4049 787 4100 omnino
802 4061 886 4112 pesse
903 4047 1038 4115 concedit,
1054 4050 1145 4114 itaqua

77 4135 239 4192 mne
270 4135 436 4198 argumenta
462 4133 570 4184 iuterna
578 4165 588 4198 ,
617 4143 688 4195 quae
709 4131 824 4184 Paulum
851 4119 970 4196 prodant
990 4135 1143 4202 auctorem,

78 4215 127 4266 dr.
157 4215 320 4270 lamii
336 4215 391 4269 der
406 4215 664 4270 rotoma-erit.
680 4215 799 4271 Emisit.
821 4217 854 4268 tn
870 4215 924 4268 riae
938 4212 975 4268 N.
992 4215 1023 4270 Τ.
1046 4217 1090 4272 ed.
1106 4217 1144 4273 11.

79 4310 102 4361 Ρ.
116 4301 176 4353 ⁸1.
977 4297 991 4328 δ
1101 4321 1104 4330 .
