2802 4956
282 377 337 447 30
659 375 975 468 Prolegomena.

281 548 383 620 Haec
407 548 499 628 enim
525 571 665 638 prorsus
692 555 885 639 repugnare
902 548 1090 617 existimat
1114 547 1202 617 locis
1230 548 1359 637 episto·
1384 629 1385 640 ἵ

280 650 337 721 lae
352 653 379 719 l.
394 675 432 740 c.
452 652 492 721 4.
515 677 548 720 v.
570 650 632 719 13.
652 673 723 742 sqq.
745 675 776 721 c.
799 652 835 720 u.
858 653 921 740 in.,
943 652 1001 719 uhi
1022 651 1208 740 Apostolus
1230 677 1359 739 παραυ·
1384 641 1385 650 “

280 754 359 823 oiov
380 753 578 825 servatoris
601 762 759 844 tanquam
783 763 939 826 eventum
960 755 1059 822 houd
1075 757 1127 820 e'to
1154 756 1284 843 prom
1302 779 1359 820 re·
1384 765 1385 768 ’

280 869 407 926 nomem
436 856 614 925 nuntiavit.
658 857 793 944 Quodsi
824 879 907 926 vera
941 864 1034 925 esset
1060 856 1178 924 horum
1205 854 1360 922 looorum

165 1023 168 1030 ,
277 959 529 1047 repugnantia,
557 967 756 1049 sequeretur
785 959 918 1030 omnino
946 960 1061 1048 (quum
1083 961 1191 1048 prior
1223 958 1360 1046 quidem
1384 1033 1385 1036 Ἴ

280 1061 430 1150 epistola
449 1061 535 1127 nihil
557 1061 749 1148 contineat,
777 1065 865 1151 quod
888 1060 1052 1148 originem
1080 1059 1155 1127 eius
1177 1059 1359 1128 Paulinam

280 1170 475 1252 suspectam
496 1164 641 1232 reddere
670 1164 794 1251 possit,
822 1164 922 1230 immo
951 1162 1083 1252 inipso
1112 1161 1177 1228 hae
1207 1139 1385 1250 ‹rescrips-¹

279 1265 373 1333 tione
394 1265 526 1332 reditus
547 1265 635 1341 Jesu
661 1265 789 1333 Christi
818 1264 923 1333 futuri
952 1263 1078 1332 ceteris
1100 1262 1202 1331 Pauli
1230 1264 1360 1350 episto·

279 1366 325 1436 lis
345 1366 447 1455 plane
476 1367 702 1454 consentiat),
731 1361 960 1435 fraudatorem
984 1368 1149 1456 quendam
1172 1365 1228 1434 vel
1251 1374 1359 1433 totam
1384 1365 1385 1450 l

279 1469 370 1536 hauc
393 1466 570 1556 epistolam
592 1468 817 1556 posteriorem
838 1467 1003 1554 Apostolo
1035 1467 1273 1556 supposuisse,
1301 1469 1360 1534 vel
1384 1453 1385 1504 l

278 1569 393 1638 locum
414 1569 588 1637 laudatum
611 1570 649 1638 C.
662 1569 709 1658 11,
727 1595 758 1640 v.
775 1567 918 1637 1-12.
940 1570 1138 1652 inseruisse,
1162 1576 1198 1637 ot
1219 1567 1278 1634 illu
1300 1592 1360 1655 po·
1384 1549 1385 1616 l

279 1672 447 1740 tissimum
480 1671 587 1740 veiha
613 1694 646 1741 v.
667 1670 722 1740 aa
751 1695 862 1761 nemea
883 1695 954 1761 per
981 1693 1172 1738 εανασααα
1199 1683 1263 1738 mu
1287 1651 1385 1762 epti

278 1775 400 1843 stolam
420 1787 583 1864 tnnprcom
604 1797 627 1840 o
647 1796 702 1840 me
717 1776 916 1864 prqseetam
937 1781 1002 1840 etc.
1025 1777 1267 1859 usurpasset),
1290 1795 1359 1862 quo
1384 1759 1385 1824 l

278 1877 485 1949 Christianis
507 1877 741 1964 persuaderet,
763 1875 909 1962 priorem
931 1873 1023 1940 illam
1045 1873 1142 1960 (vere
1163 1871 1359 1962 Paulinam)
1384 1869 1385 1932 l

278 1999 343 2064 pro
365 1977 483 2064 spuria
506 1998 584 2044 esse
606 1977 805 2043 hahendam.
849 1976 1022 2062 Negamus
1050 1996 1149 2060 vero,
1177 1983 1358 2066 utramque
1384 1955 1385 2018 i

279 2077 457 2166 epistolam
491 2076 592 2145 alteri
626 2077 871 2146 contradicere.
921 2076 1072 2164 Optabat
1100 2075 1235 2166 quidem
1261 2079 1357 2164 Apo·

279 2176 406 2265 stolus,
436 2182 524 2268 quod
547 2186 666 2247 coctus
689 2179 876 2246 Christiani
897 2178 1121 2269 antiquissimi
1149 2199 1358 2266 magnopere
1384 2169 1385 2242 l

279 2276 461 2368 optabant,
483 2289 522 2350 ut
543 2281 699 2350 Christus
720 2303 801 2348 mox
822 2290 1021 2368 appareret,
1051 2281 1175 2348 iudicio
1198 2281 1356 2348 sollemni
1384 2273 1385 2340 l

277 2405 379 2452 veros
402 2383 508 2469 ipsius
531 2383 679 2451 cultores
701 2383 800 2451 malis
822 2383 975 2449 omnibns
998 2391 1194 2469 erepturus,
1220 2389 1255 2448 et
1275 2382 1356 2450 feli·
1384 2387 1385 2464 l

221 2480 224 2492 '
278 2485 384 2554 citate
404 2487 505 2572 regni
527 2486 631 2553 divini
653 2493 796 2553 aeterna
815 2493 1013 2567 ornaturus3
1035 2485 1252 2572 videmusque
1274 2507 1354 2552 eum
1384 2479 1385 2548 l

277 2586 431 2672 pluribus
453 2588 538 2656 loeis
561 2588 595 2654 in
616 2588 822 2676 cogitatione
844 2587 942 2653 huius
965 2587 1095 2657 reditus
1115 2586 1204 2653 Jesu
1224 2585 1354 2656 Christi
1384 2581 1385 2654 l

265 2689 434 2778 forntmo
449 2711 560 2782 prope
580 2693 742 2756 eiectante'r
763 2688 851 2776 (ipso
873 2687 981 2756 Paulo
1010 2688 1121 2756 adhuc
1147 2687 1180 2754 in
1202 2688 1273 2754 vita
1295 2713 1356 2758 su·
1384 2687 1385 2760 l

278 2791 422 2877 perstite
453 2790 808 2879 eventuri)'lnbenter
835 2789 981 2858 animum
1018 2789 1229 2876 defigentem·
1280 2790 1355 2859 Cir.
1384 2789 1385 2864 l

276 2893 312 2962 J·
330 2891 485 2963 Corinth.
508 2893 570 2980 15,
590 2890 654 2960 52.
681 2897 789 2960 acici
812 2897 920 2982 νεκροὶ
944 2889 1189 2981 ἐγερθήσονται
1209 2884 1358 2986 ἅφθαρ-
1384 2911 1385 2964 i

275 3020 349 3074 τοι,
375 3001 432 3064 καὶ
459 2991 581 3085 ἡμεῖς
608 2991 880 3084 ἀλλαγησόμεθα.
912 2995 986 3063 coll.
1022 3019 1051 3064 c.
1072 2993 1109 3081 7,
1138 3018 1170 3063 v.
1190 2991 1253 3062 29.
1278 3020 1356 3088 sqq.
1384 3045 1385 3052 1

276 3097 508 3168 Desiderahat
533 3100 700 3168 interdum
723 3101 893 3168 euomuit
916 3096 1095 3168 transitum
1124 3119 1167 3164 ex
1195 3097 1260 3166 hac
1282 3107 1357 3166 ter·
1384 3121 1385 3172 i

207 3248 210 3256 ·
276 3200 382 3268 nestri
403 3201 475 3274 vita
496 3203 529 3270 in
552 3206 651 3274 sedes
673 3204 868 3290 beatorum,
896 3202 953 3292 qni
978 3201 1052 3270 fieri
1084 3205 1201 3286 posset
1225 3197 1358 3290 abspsee
1383 3237 1385 3282 p

344 3390 373 3460 9)
390 3393 480 3445 Aliter
497 3391 605 3456 quidem
628 3394 715 3444 verba
737 3391 779 3443 ii.
795 3391 887 3443 Thess.
904 3393 935 3457 2,
954 3393 984 3444 2.
1008 3381 1075 3456 μήτε
1099 3379 1135 3440 σι’
1152 3385 1295 3454 ἐπιστολῆς
1321 3383 1360 3453 ὥς

277 3465 316 3528 ds’
339 3467 416 3543 ἡμῶν
441 3477 640 3536 Kochlerns
668 3479 697 3527 in
719 3478 789 3528 libro
813 3477 840 3538 S.
862 3481 953 3527 antec.
977 3477 1051 3528 laud.
1079 3493 1105 3541 p.
1122 3477 1183 3528 lue.
1206 3478 1358 3542 intellexit,

276 3563 439 3628 Apostolum
457 3564 508 3614 hoe
525 3562 576 3612 sihi
593 3561 717 3612 voluisse
735 3563 910 3613 existimans:
928 3564 1044 3629 siquis,
1068 3557 1222 3630 παρουσίαν
1241 3561 1358 3614 Domini
1384 3547 1385 3594 l

273 3651 474 3715 proxinciam
490 3645 591 3697 adessa
608 3647 790 3713 probaturus,
814 3647 853 3696 od
869 3658 946 3698 mene
962 3648 1056 3712 ipsius
1072 3647 1177 3708 (Pauli)
1203 3657 1359 3699 sermones
1383 3641 1385 3696 l

272 3733 482 3799 provocaverit,
499 3738 632 3795 meaeque
644 3730 780 3794 epiistoiue
792 3733 828 3790 (Ι.
841 3731 938 3782 uuess.
956 3745 980 3782 c.
991 3734 1020 3796 4,
1037 3747 1064 3784 v.
1075 3734 1116 3784 1³.
1129 3745 1187 3796 sqq.
1206 3744 1230 3782 c.
1242 3734 1270 3782 t.
1289 3736 1358 3794 tu),
1383 3745 1385 3808 q

276 3821 413 3885 teneatis,
431 3818 529 3880 velim,
546 3828 590 3866 rne
609 3818 703 3877 utique
721 3815 863 3880 docuisse,
881 3816 941 3865 iteri
958 3828 1050 3880 posse,
1068 3823 1098 3868 ui
1115 3818 1223 3868 Domini
1240 3818 1357 3870 adven-

276 3907 323 3956 tus
339 3905 422 3956 linem
438 3903 512 3952 illius
531 3903 661 3962 temporis
679 3901 751 3962 apud
768 3901 926 3962 prophetam
944 3899 1107 3964 (Danielem)
1133 3905 1277 3952 constituti
1297 3917 1357 3954 au-

276 3991 416 4054 tevartat,
443 3985 495 4038 sed
519 3985 602 4034 etiarn
625 3983 777 4049 addidisse,
799 3979 1034 4035 Anti-Christum
1062 3989 1250 4050 appariturum
1274 3999 1357 4053 esse,
1384 3935 1385 4012 i

275 4075 435 4137 priusquam
452 4070 585 4124 Dominus
602 4070 717 4118 venerit
758 4067 898 4118 calcinum
919 4067 983 4119 huie
998 4071 1219 4134 interpretationi
1240 4068 1357 4123 adiice·

276 4167 352 4221 reu,
374 4159 428 4208 uui
449 4157 516 4208 iilud
539 4145 574 4212 uic
595 4143 630 4201 δι’
657 4141 731 4220 ἡμῶν
756 4146 963 4222 (γεγραμμένης)
992 4156 1138 4210 mnufesto
1162 4155 1310 4220 epistolam
1338 4171 1358 4209 a
1384 4155 1385 4242 l

277 4237 366 4291 Paulo
381 4251 438 4292 non
453 4254 521 4293 vere
538 4241 668 4304 scriptam
684 4241 819 4292 innueret
1383 4271 1385 4340 q

1383 4359 1385 4448 l
