2802 4956
517 439 835 529 Prolegomena.
1184 445 1208 512 7

132 608 356 698 transegerit,
390 609 586 680 accuratius
614 611 741 680 definiit
767 609 1032 703 (Aen.18,1.)
1069 615 1103 704 c)
1123 613 1207 684 Sen—
1283 623 1287 628 '

135 713 273 778 tentiam
303 711 480 802 plerisque
517 713 691 800 probatem
730 715 795 781 hae
833 723 977 803 utraque
1010 716 1207 785 difficultate

131 815 236 902 premi
267 815 390 902 docet,
419 817 509 904 qnod
537 817 668 882 omnino
690 813 832 904 intelligi
860 824 1025 908 nequeat,
1067 825 1104 904 a)
1127 841 1207 909 quo·

131 919 229 982 modo
250 915 386 984 Paulus
416 917 450 984 Ι.
478 915 645 985 Thessali.
670 915 708 1005 3,
733 919 766 987 1.
790 917 827 987 2.
850 920 1030 988 adfirmare
1051 921 1209 1008 potuerit,

132 1039 171 1083 se
196 1021 306 1084 nima
327 1017 475 1086 Athenis
502 1021 707 1087 remansisse
736 1026 869 1110 (quum,
898 1021 963 1090 etri
990 1022 1209 1088 Timotheum

133 1119 408 1186 Thessalonicen
438 1119 603 1200 misisset,
637 1121 818 1190 etiamnum
840 1132 954 1191 tamen
977 1123 1083 1190 Silam
1106 1123 1209 1190 habe·

135 1229 188 1287 ret
211 1221 411 1308 eomitem),
442 1223 480 1308 β)
506 1219 612 1312 qnare
638 1217 754 1291 Leucas
781 1225 872 1292 Actt.
900 1223 961 1311 18,
984 1223 1020 1292 5.
1048 1213 1208 1293 narrave-

132 1323 192 1398 rit,
216 1345 289 1389 nna
321 1345 402 1390 cum
430 1323 612 1392 Timotheo
642 1326 816 1394 Silvanum
844 1349 887 1393 ex
913 1325 1114 1394 Macedonia
1143 1327 1207 1394 Go-

134 1425 278 1494 rinthnm
299 1425 441 1494 venisse
464 1429 507 1492 ad
528 1427 745 1515 Apostolum,
767 1450 866 1516 quum
890 1428 983 1495 solus
1004 1427 1207 1496 Timotheus

135 1529 188 1608 (Ι.
218 1527 392 1594 Thessali.
423 1525 461 1614 3,
488 1526 569 1615 8.),
601 1551 665 1597 nec
697 1538 862 1619 uterquc,
897 1531 1042 1597 Athenis
1070 1530 1207 1618 legatus

133 1628 254 1695 fnisset
275 1632 319 1695 ad
341 1627 694 1699 Thessalonicensem
738 1632 834 1706 Quae
858 1633 990 1722 quidem
1017 1653 1206 1721 repugnan-

137 1731 207 1796 tiae
227 1731 358 1816 εμιὶοιι
379 1731 576 1817 evanescit,
603 1731 633 1796 si
655 1733 754 1798 modo
777 1733 1005 1801 coniecturam
1027 1723 1207 1800 admiseris

140 1829 286 1918 facilem,
306 1855 351 1900 ex
373 1831 449 1918 ipso
470 1831 589 1899 Lucae
610 1833 803 1900 testimonio
827 1833 918 1902 Acte.
943 1835 1006 1920 18,
1029 1834 1066 1902 ὅ.
1095 1835 1205 1900 oriun-

132 1935 225 2018 dam,
266 1933 489 2022 Apostolum,
521 1933 670 2001 Athenis
700 1937 897 2024 degentem,
939 1936 1054 2025 utique
1087 1937 1206 2002 eodem

131 2045 292 2124 tempore,
314 2057 383 2124 quo
397 2034 615 2101 Timotheum
625 2033 897 2106 Thessalonicen
919 2038 1082 2124 mitteret,
1103 2037 1204 2104 etiam
1243 2059 1246 2071 ·
1304 2051 1306 2056 ’

131 2139 222 2205 Silae
249 2137 456 2222 mandasse,
483 2136 583 2203 utin
611 2136 712 2204 aliam
735 2139 958 2207 Maeedonieo
979 2140 1096 2206 urbem
1123 2138 1204 2226 (for-

131 2263 191 2305 san
217 2239 417 2327 Philippos,
451 2244 511 2304 aut
544 2239 744 2326 Beroeam),
775 2242 893 2308 eodem
932 2240 1090 2326 consilio,
1126 2261 1204 2308 sese

130 2343 312 2409 conferret.
361 2340 432 2408 cfr.
452 2339 748 2427 Burgehhoudt
768 2343 941 2430 specimen
962 2342 1092 2410 notai.
1113 2341 1204 2409 laud.

129 2467 160 2530 p.
186 2443 276 2510 117.
321 2442 398 2509 Nec
424 2442 555 2528 obstat,
583 2446 672 2531 quod
692 2443 821 2510 Paulus
855 2445 889 2510 1.
916 2441 1083 2511 Theaua.
1106 2439 1144 2530 3,
1166 2439 1203 2510 8.

130 2546 226 2612 haias
253 2544 358 2612 &iae
376 2542 561 2628 legationis
582 2546 784 2612 mentionem
806 2543 932 2612 nnllam
954 2545 1081 2630 iniecit,
1103 2545 1205 2634 siqui-

132 2647 202 2714 den
222 2645 246 2712 l.
269 2645 296 2712 l.
318 2643 457 2712 minime
479 2644 654 2713 historiam
675 2668 788 2716 rerum
811 2645 956 2714 omnium
977 2646 1123 2714 Athenis
1144 2668 1204 2733 ge-

132 2757 256 2815 starum
281 2767 456 2834 exponere
476 2745 682 2834 instituerat,
704 2752 765 2816 sed
786 2770 831 2815 ca
850 2755 981 2816 tantum
1003 2770 1204 2816 commemo-

131 2871 223 2936 rare,
256 2871 350 2938 qnae
388 2847 741 2918 Thessalonicensem
771 2873 879 2920 causa
902 2850 1055 2918 fecisset.
1104 2850 1202 2917 Post·

135 2975 227 3039 qnan
248 2951 403 3036 Paulus,
430 2957 574 3040 utroque
600 2952 748 3020 muneris
775 2952 869 3020 soeio
896 2955 941 3020 ad
967 2959 1085 3024 coetus
1105 2952 1203 3019 'Chri-

137 3055 276 3139 stianos,
303 3051 429 3142 quibus
458 3052 672 3120 consolandis
701 3062 737 3120 et
758 3053 996 3122 confirmandis
1022 3060 1093 3118 tum
1120 3059 1203 3119 tem-

142 3155 227 3237 poris
242 3155 392 3220 naxium
413 3153 590 3222 consulere
609 3152 734 3230 voluit,
760 3139 894 3240 legato,
923 3153 1127 3241 aliquamdiu
1149 3177 1203 3220 so-

144 3251 195 3320 lna
213 3255 356 3324 Athenis
383 3264 610 3322 commoratus
630 3255 759 3342 fuerat,
788 3254 965 3341 evangelio
985 3255 1201 3325 Atheniensi-

138 3357 390 3424 hnsnuntiando
405 3367 601 3446 occupatus,
625 3355 825 3426 coeman
841 3357 935 3425 abiit.
977 3357 1070 3427 Aen.
1086 3357 1149 3447 18,
1166 3359 1201 3425 1.

136 3457 171 3526 h
190 3461 333 3528 eandem
356 3457 475 3525 urbem
502 3458 604 3546 paulo
631 3467 709 3547 post
728 3457 931 3527 Timotheus
953 3467 988 3527 et
1008 3461 1101 3528 Silhs
1122 3457 1201 3530 sose

134 3562 348 3630 contelerunt
368 3559 473 3646 (Aen.
497 3558 560 3648 18,
582 3559 646 3647 a),
667 3561 830 3648 Apostolo
852 3561 974 3629 iterum
995 3561 1201 3650 nuntiantes,

134 3685 215 3752 qnae
259 3665 439 3750 hucusque
480 3661 570 3729 inter
608 3661 939 3730 Thessalonicenses
982 3665 1198 3733 accidissent.

134 3764 420 3833 commendabant
448 3763 568 3852 qnippe
590 3763 697 3831 Paulo
719 3773 754 3831 et
783 3766 1006 3832 constantiam
1033 3767 1199 3854 insignem

132 3867 300 3954 animique
328 3863 577 3952 fortitudinem,
606 3889 672 3954 qua
700 3865 883 3934 Christiani
910 3865 961 3933 illi
986 3875 1125 3956 propter
1150 3866 1200 3934 i'n-

128 3989 274 4052 genuam
297 3967 453 4034 veritatis
472 3967 715 4056 professionem
738 3968 920 4036 durissima
939 3990 1092 4058 quaeque
1113 3967 1200 4036 inter

127 4069 282 4137 Judaeos
314 4070 470 4156 perpessi
498 4069 642 4155 fuerint,
668 4067 786 4157 Pauli,
814 4069 963 4138 doctoris
995 4069 1065 4146 sui,
1096 4071 1200 4158 probe

128 4192 309 4248 mensores,
331 4169 470 4259 eiusque
492 4171 626 4239 videndi
649 4171 817 4238 desiderio
833 4173 1031 4259 flagrantes,
1053 4180 1089 4240 et
1109 4195 1199 4240 sum·

128 4293 214 4342 narn
236 4295 359 4342 eorum
381 4295 465 4360 erga
491 4271 577 4340 alios
598 4271 727 4340 Christi
755 4271 904 4342 cultores
930 4273 1198 4343 benevolentiam
