2772 4962
199 425 275 496 184
346 425 779 515 Epist011·atl'l¹ltcssoll.
802 426 841 496 C·
855 423 884 494 Ι.
906 425 950 496 V.
973 423 1123 494 u-io.

200 602 361 678 postulare,
389 605 440 664 seul
462 603 591 664 modeste
611 605 781 677 exspectare
801 602 947 678 iubemur,
975 603 1068 663 libero
1088 597 1195 676 quippe
1215 601 1280 662 Dei

197 709 299 778 protis
321 701 470 784 (χάριτι)
492 707 705 779 impetrandam.
746 706 849 778 Neque
870 710 923 781 est,
943 706 1020 778 quod
1040 703 1088 762 vel
1110 719 1175 762 cum
1192 705 1279 762 l’el-

200 807 250 864 tio
271 807 391 880 aliisque
411 805 482 866 illni
502 803 663 867 δίκαιον
689 806 719 864 b.
740 807 759 864 l.
780 808 864 865 aiter
885 821 970 884 qnam
991 807 1028 864 ie
1049 819 1098 879 eo,
1126 805 1203 877 quurl
1222 804 1279 862 lu-

200 908 295 966 stillae
316 909 431 968 divinae
452 909 617 984 conveniat,
643 908 878 984 interpretemur,
897 907 945 964 vel
967 921 1033 964 cnm
1059 907 1198 965 Flattin
1221 906 1276 964 rii-
1298 919 1310 936 ·

201 1024 317 1086 camus,
336 1010 502 1068 felicitatem
523 1013 649 1068 muron
669 1025 769 1073 eorum
777 1051 789 1088 ,
818 1009 866 1082 qui
886 1009 972 1068 tidem
999 985 1196 1082 servaverint,
1221 1023 1278 1079 per

199 1127 234 1168 se
254 1115 411 1183 spectatam
431 1113 469 1168 ad
489 1112 627 1170 iustitiam
646 1112 751 1170 referri
773 1109 914 1183 urinam,
941 1110 995 1168 scd
1015 1111 1169 1168 meusium
1188 1107 1279 1166 unica

200 1211 347 1268 felicitatis
367 1211 488 1270 liberum
509 1229 575 1272 ease
595 1229 698 1274 munus
720 1213 841 1288 gratiae.
882 1211 974 1270 Immo
995 1212 1097 1270 eodem
1117 1210 1202 1270 meio
1222 1209 1279 1266 vi-

199 1311 481 1385 demuslApostnlnm
500 1315 616 1372 Itnmm.
627 1317 662 1390 3,
674 1317 776 1389 33111.
799 1307 1103 1390 trauecapruiau
1124 1310 1180 1370 aui
1194 1310 1278 1370 3εοῦ

198 1413 427 1487 praedicantem,
456 1405 492 1478 bb
517 1409 684 1474 ἀποδώσει
712 1405 839 1492 ἑκάστῳ
866 1406 952 1472 κατὰ
987 1406 1028 1472 ani
1058 1407 1137 1492 ἔργα
1162 1405 1278 1472 αὐτοῦ.

200 1515 265 1572 linc
285 1515 384 1588 utique
404 1520 566 1573 constanter
588 1514 672 1571 docet
692 1515 836 1588 scriptura
856 1529 962 1588 sacra,
982 1516 1077 1574 libero
1096 1516 1157 1574 Dei
1173 1516 1281 1588 pratia

190 1617 309 1673 'fectum
331 1632 414 1690 esse,
439 1619 472 1674 ut
497 1615 675 1693 bominibus,
701 1617 751 1690 qui
772 1619 969 1689 nonpossent
990 1616 1052 1674 auia
1072 1615 1183 1674 viribus
1208 1629 1280 1672 me-

198 1716 318 1790 ritisque
337 1717 457 1774 senten
480 1719 616 1791 consequi
635 1733 735 1776 veram
757 1717 875 1792 (ornnes
888 1717 992 1790 quippe
1004 1718 1169 1791 peccarunt,
1187 1715 1280 1774 lieo-

199 1833 271 1900 que,
290 1819 317 1876 si
336 1821 416 1878 facta
435 1818 581 1878 bominum
602 1819 796 1894 spectaretis,
824 1819 1027 1891 approbatione
1048 1819 1148 1876 emant
1167 1817 1282 1892 iluna,
1321 1845 1327 1854 ·

199 1921 315 1978 Itonion.
333 1923 368 1999 3,
386 1918 488 1999 eu),
510 1937 563 1994 per
587 1921 689 1978 iesum
716 1919 861 1977 Christum
888 1921 983 1978 aditus
1010 1920 1049 1977 ad
1074 1919 1282 1994 condiiinnem,

199 2036 257 2092 qua
281 2019 367 2079 horno
387 2024 450 2080 lieo
477 2022 628 2094 probetur,
656 2025 685 2078 et
710 2019 798 2078 ultam
827 2021 939 2078 beatam
959 2021 1166 2094 impetrandam
1187 2024 1279 2092 pate-

199 2123 289 2178 tleret.
340 2122 492 2196 Attamen,
527 2137 600 2196 quae
627 2123 719 2180 eidem
749 2119 842 2178 amori
867 2121 975 2184 infinito
1002 2123 1136 2180 Numinis
1161 2121 1279 2179 Summi

199 2221 434 2280 coniunctissima
455 2227 514 2298 est,
534 2223 674 2280 sauctitas
694 2227 780 2296 atqrm
799 2221 908 2280 lustitia
927 2226 1058 2297 perfecta
1078 2223 1201 2283 mutem
1221 2237 1280 2294 per

200 2321 346 2380 Christum
373 2327 500 2396 paratam
529 2339 565 2382 ex
587 2339 623 2382 ea
643 2305 807 2382 conditione
826 2325 954 2396 pensiero
978 2325 1084 2401 uoluit,
1112 2327 1143 2380 ut
1162 2323 1185 2382 li
1204 2327 1277 2382 un-

198 2428 256 2482 tnm
278 2425 363 2499 regul
384 2425 473 2483 divim
494 2425 638 2484 consortio
664 2424 747 2501 mgni
767 2423 978 2501 iudicarentur,
1005 2426 1054 2500 qni
1081 2424 1195 2484 veritati
1221 2425 1276 2482 ril-

198 2526 285 2584 vinae
310 2526 348 2584 ils
375 2527 535 2600 patefactae
562 2527 728 2600 obsequium
748 2527 836 2584 flium
856 2527 1074 2598 praestitissent
1121 2527 1166 2584 lte
1192 2528 1274 2582 tem-

196 2642 268 2700 pure
294 2628 487 2687 retributionis
514 2630 629 2686 litturae
655 2628 730 2685 baec
750 2630 922 2703 sequnntur,
948 2627 1093 2685 simillima
1115 2625 1170 2702 ils,
1195 2642 1275 2700 quae

197 2729 226 2788 1.
244 2728 346 2786 i'lteeo·
365 2730 397 2805 1,
417 2730 468 2786 13.
488 2731 521 2805 3,
542 2731 594 2787 13.
608 2731 647 2806 4,
666 2732 718 2788 16.
738 2734 772 2806 6,
785 2733 815 2787 2.
829 2732 883 2788 23.
905 2729 943 2784 rie
968 2723 1129 2805 παρουσίᾳ
1153 2728 1276 2788 Domini

197 2827 334 2905 legimusr
361 2825 400 2890 ἓν
427 2828 470 2917 τῇ
496 2823 756 2908 ἀποκαλύψει
782 2833 853 2886 etc:
882 2836 1014 2902 tmepore
1039 2843 1099 2904 quo
1119 2831 1274 2888 nomime

197 2932 290 2990 Jecur
309 2933 432 2990 coelitm
449 2927 581 3006 patefiet.
629 2931 673 2990 De
695 2931 810 2989 cbristo
832 2933 988 2988 servatore
1008 2933 1038 3016 et
1056 2930 1168 3006 lodice,
1193 2945 1275 2988 nunc

197 3032 343 3108 invisibili,
362 3035 428 3092 olim
450 3033 488 3090 ari
508 3032 645 3092 indicium
666 3033 858 3095 exercentium
870 3032 1037 3106 apparituro
1053 3037 1082 3090 et
1101 3033 1149 3090 ub.
1171 3025 1273 3092 ἄπο-

196 3131 472 3194 setensteten
497 3135 758 3213 Luc.17,30.et
778 3137 867 3194 snbst
895 3125 1153 3212 circuminspice
1179 3131 1274 3192 sibl-

197 3233 279 3292 betnr
299 3236 328 3292 1.
344 3237 429 3294 corr.
445 3236 478 3312 1,
492 3238 524 3293 7.
551 3238 579 3296 i.
592 3237 676 3296 Petri
688 3237 720 3314 1,
733 3239 764 3296 7.
778 3237 830 3296 13.
842 3237 881 3314 4,
896 3237 948 3293 13.
991 3235 1162 3308 Quicunque
1178 3237 1277 3294 uerba

196 3331 298 3390 borum
320 3313 489 3393 commatum
517 3337 647 3413 singula,
674 3352 748 3410 quae
773 3337 916 3394 notionem
937 3335 1037 3394 ludicii
1057 3335 1177 3394 extremi
1196 3351 1275 3408 per-

196 3433 296 3508 spicue
316 3433 485 3506 eloquuntur
507 3436 694 3512 (praesertim
715 3429 851 3516 ὄλεθρος
872 3429 1002 3502 αἰώνιος
1023 3451 1052 3493 v.
1067 3437 1097 3494 9.
1118 3441 1147 3496 et
1161 3427 1275 3515 ἡμέρα

196 3532 298 3608 ἐκείνη
319 3551 348 3592 v.
366 3535 437 3614 to.)
463 3538 570 3610 absque
591 3537 666 3593 omni
687 3539 809 3608 partium
830 3539 925 3596 studio
947 3543 1083 3596 accurate
1103 3539 1275 3612 perpende-

195 3639 249 3713 rit,
274 3637 432 3711 uiamque
453 3653 518 3696 cum
543 3637 616 3696 locis
641 3637 779 3710 epistolae
798 3641 823 3698 1.
850 3640 935 3698 morlo
962 3640 1086 3698 laudatis
1105 3639 1273 3698 similibus-

195 3755 252 3814 que
273 3739 365 3797 eiiatis
385 3737 552 3812 contulerit,
577 3753 635 3796 non
654 3740 743 3796 facile
764 3755 830 3797 cum
850 3741 1067 3800 Hammonrlo
1087 3741 1275 3820 existimabit,

194 3842 367 3913 Apostolum
399 3839 428 3898 b.
455 3839 475 3895 l.
502 3839 541 3897 tle
564 3838 690 3898 advemu
719 3841 829 3912 ebriati
857 3843 950 3899 minum
981 3843 1098 3916 proprie
1124 3843 1201 3902 dicto
1230 3847 1272 3904 ai

194 3943 409 4015 Hierosolymis
442 3941 613 4000 evertendas
640 3943 737 4001 mtnro
771 3943 956 4018 cogitavisse.
1006 3945 1068 4003 err.
1097 3961 1170 4019 quae
1194 3945 1272 4004 Mi-

196 4041 355 4116 chaclts,
384 4045 524 4117 Koppe,
550 4043 648 4102 Flatt
675 4044 713 4101 ad
734 4043 763 4100 b.
784 4043 803 4100 l.
825 4049 905 4102 recte
931 4053 1130 4118 opposuerunt.
1179 4047 1272 4107 Ven-

194 4146 276 4200 turos
297 4144 401 4202 dicitur
422 4146 559 4204 Dominus
579 4139 654 4222 μετ’
679 4140 856 4223 n'pyltorr
878 4146 944 4222 [ud.
965 4147 1003 4204 ati
1030 4150 1059 4208 1.
1074 4149 1215 4208 f'beuott.
1231 4153 1270 4226 3,

194 4246 247 4306 13.
266 4244 304 4322 4,
322 4245 372 4302 fe.
394 4245 546 4322 observa.)
570 4239 772 4327 δυνάμεως
795 4237 935 4323 αὑτοῦ,
962 4240 1146 4327 comperuit
1166 4253 1270 4312 eoele-
