<?xml version="1.0" encoding="UTF-8"?>
<!DOCTYPE html PUBLIC "-//W3C//DTD XHTML 1.0 Transitional//EN"
    "http://www.w3.org/TR/xhtml1/DTD/xhtml1-transitional.dtd">
<html xmlns="http://www.w3.org/1999/xhtml" xml:lang="en" lang="en">
 <head>
  <title>
</title>
<meta http-equiv="Content-Type" content="text/html;charset=utf-8" />
  <meta name='ocr-system' content='tesseract 3.04.00' />
  <meta name='ocr-capabilities' content='ocr_page ocr_carea ocr_par ocr_line ocrx_word'/>
</head>
<body>
  <div class='ocr_page' id='page_1' title='image "./epistolaepaulia00schogoog_0412.png"; bbox 0 0 2726 4956; ppageno 0'>
   <div class='ocr_carea' id='block_1_1' title="bbox 145 463 1187 609">
    <p class='ocr_par' dir='ltr' id='par_1_1' title="bbox 145 463 1187 609">
     <span class='ocr_line' id='line_1_1' title="bbox 145 463 1187 609; baseline 0.002 -23"><span class='ocrx_word' id='word_1_1' title='bbox 145 463 148 472; x_wconf 37' lang='lat'><strong>¹</strong></span> <span class='ocrx_word' id='word_1_2' title='bbox 250 514 334 588; x_wconf 81' lang='lat' dir='ltr'><strong>aso</strong></span> <span class='ocrx_word' id='word_1_3' title='bbox 395 518 552 609; x_wconf 71' lang='lat' dir='ltr'><strong>Epistola</strong></span> <span class='ocrx_word' id='word_1_4' title='bbox 573 521 616 590; x_wconf 74' lang='lat' dir='ltr'><strong>aa</strong></span> <span class='ocrx_word' id='word_1_5' title='bbox 640 519 792 591; x_wconf 68' lang='lat' dir='ltr'><strong>cataras.</strong></span> <span class='ocrx_word' id='word_1_6' title='bbox 820 519 859 591; x_wconf 91' lang='lat' dir='ltr'><strong>c.</strong></span> <span class='ocrx_word' id='word_1_7' title='bbox 882 519 927 593; x_wconf 91' lang='lat' dir='ltr'><strong>u.</strong></span> <span class='ocrx_word' id='word_1_8' title='bbox 955 518 998 592; x_wconf 87' lang='lat' dir='ltr'><strong>v.</strong></span> <span class='ocrx_word' id='word_1_9' title='bbox 1017 517 1187 590; x_wconf 73' lang='lat' dir='ltr'><strong>rr-rr.</strong></span> 
     </span>
    </p>
   </div>
   <div class='ocr_carea' id='block_1_2' title="bbox 230 683 1353 4440">
    <p class='ocr_par' dir='ltr' id='par_1_2' title="bbox 230 683 1353 4440">
     <span class='ocr_line' id='line_1_2' title="bbox 247 683 1308 774; baseline -0.002 -19"><span class='ocrx_word' id='word_1_10' title='bbox 247 694 414 756; x_wconf 84' lang='lat' dir='ltr'><strong>sententiam</strong></span> <span class='ocrx_word' id='word_1_11' title='bbox 434 712 463 754; x_wconf 82' lang='lat' dir='ltr'><strong>r.</strong></span> <span class='ocrx_word' id='word_1_12' title='bbox 478 696 528 758; x_wconf 88' lang='lat'><strong>11.</strong></span> <span class='ocrx_word' id='word_1_13' title='bbox 547 697 701 771; x_wconf 84' lang='lat' dir='ltr'><strong>separatim</strong></span> <span class='ocrx_word' id='word_1_14' title='bbox 721 697 892 774; x_wconf 78' lang='lat' dir='ltr'><strong>enuntiaret,</strong></span> <span class='ocrx_word' id='word_1_15' title='bbox 916 695 947 756; x_wconf 90' lang='lat' dir='ltr'><strong>id</strong></span> <span class='ocrx_word' id='word_1_16' title='bbox 971 711 1058 754; x_wconf 90' lang='lat' dir='ltr'><strong>uuum</strong></span> <span class='ocrx_word' id='word_1_17' title='bbox 1084 697 1151 756; x_wconf 76' lang='lat' dir='ltr'><strong>vbi.</strong></span> <span class='ocrx_word' id='word_1_18' title='bbox 1180 683 1231 756; x_wconf 74' lang='grc' dir='ltr'><strong>ὅτι</strong></span> <span class='ocrx_word' id='word_1_19' title='bbox 1252 717 1308 754; x_wconf 81' lang='grc' dir='ltr'><strong>κα-</strong></span> 
     </span>
     <span class='ocr_line' id='line_1_3' title="bbox 248 783 1311 877; baseline -0.002 -21"><span class='ocrx_word' id='word_1_20' title='bbox 248 815 329 873; x_wconf 71' lang='lat' dir='ltr'><strong>seyr.</strong></span> <span class='ocrx_word' id='word_1_21' title='bbox 356 783 397 869; x_wconf 76' lang='grc' dir='ltr'><strong>ἦν</strong></span> <span class='ocrx_word' id='word_1_22' title='bbox 422 797 634 877; x_wconf 72' lang='lat' dir='ltr'>declaraturus,</span> <span class='ocrx_word' id='word_1_23' title='bbox 658 802 775 861; x_wconf 85' lang='lat' dir='ltr'><strong>Petrum</strong></span> <span class='ocrx_word' id='word_1_24' title='bbox 800 797 905 872; x_wconf 85' lang='lat' dir='ltr'><strong>aliquid</strong></span> <span class='ocrx_word' id='word_1_25' title='bbox 936 799 1044 858; x_wconf 81' lang='lat' dir='ltr'><strong>recisse</strong></span> <span class='ocrx_word' id='word_1_26' title='bbox 1073 799 1103 856; x_wconf 91' lang='lat' dir='ltr'><strong>in</strong></span> <span class='ocrx_word' id='word_1_27' title='bbox 1129 814 1186 873; x_wconf 86' lang='lat' dir='ltr'><strong>quo</strong></span> <span class='ocrx_word' id='word_1_28' title='bbox 1213 801 1311 874; x_wconf 67' lang='lat' dir='ltr'><strong>polana</strong></span> 
     </span>
     <span class='ocr_line' id='line_1_4' title="bbox 247 897 1311 976; baseline -0.002 -20"><span class='ocrx_word' id='word_1_29' title='bbox 247 899 446 958; x_wconf 76' lang='lat' dir='ltr'><strong>offenderetur.</strong></span> <span class='ocrx_word' id='word_1_30' title='bbox 486 897 621 976; x_wconf 83' lang='lat' dir='ltr'><strong>Longius</strong></span> <span class='ocrx_word' id='word_1_31' title='bbox 633 903 722 975; x_wconf 87' lang='lat' dir='ltr'><strong>petita</strong></span> <span class='ocrx_word' id='word_1_32' title='bbox 735 901 927 973; x_wconf 69' lang='lat' dir='ltr'><strong>interpretatio</strong></span> <span class='ocrx_word' id='word_1_33' title='bbox 947 900 1146 958; x_wconf 90' lang='lat' dir='ltr'><strong>nonnullorum</strong></span> <span class='ocrx_word' id='word_1_34' title='bbox 1167 899 1311 957; x_wconf 84' lang='lat' dir='ltr'><strong>doctorum</strong></span> 
     </span>
     <span class='ocr_line' id='line_1_5' title="bbox 249 997 1312 1084; baseline 0 -27"><span class='ocrx_word' id='word_1_35' title='bbox 249 1003 317 1058; x_wconf 80' lang='lat' dir='ltr'><strong>vett.</strong></span> <span class='ocrx_word' id='word_1_36' title='bbox 337 998 386 1072; x_wconf 81' lang='lat' dir='ltr'><strong>qul</strong></span> <span class='ocrx_word' id='word_1_37' title='bbox 405 1000 674 1076; x_wconf 74' lang='lat' dir='ltr'><strong>&#39;l&#39;heophyiacto</strong></span> <span class='ocrx_word' id='word_1_38' title='bbox 705 1007 825 1062; x_wconf 76' lang='lat' dir='ltr'><strong>testante</strong></span> <span class='ocrx_word' id='word_1_39' title='bbox 844 1001 903 1060; x_wconf 83' lang='lat' dir='ltr'><strong>hoc</strong></span> <span class='ocrx_word' id='word_1_40' title='bbox 929 997 1186 1084; x_wconf 72' lang='grc' dir='ltr'><em>κατεγνωσμένος</em></span> <span class='ocrx_word' id='word_1_41' title='bbox 1207 1017 1243 1059; x_wconf 88' lang='lat' dir='ltr'><strong>co</strong></span> <span class='ocrx_word' id='word_1_42' title='bbox 1265 1019 1312 1058; x_wconf 84' lang='lat' dir='ltr'><strong>re-</strong></span> 
     </span>
     <span class='ocr_line' id='line_1_6' title="bbox 249 1099 1312 1178; baseline 0 -19"><span class='ocrx_word' id='word_1_43' title='bbox 249 1099 321 1160; x_wconf 78' lang='lat' dir='ltr'><strong>ierrl</strong></span> <span class='ocrx_word' id='word_1_44' title='bbox 340 1100 507 1178; x_wconf 86' lang='lat' dir='ltr'><strong>voluerunt,</strong></span> <span class='ocrx_word' id='word_1_45' title='bbox 531 1102 606 1177; x_wconf 85' lang='lat' dir='ltr'><strong>quod</strong></span> <span class='ocrx_word' id='word_1_46' title='bbox 626 1104 731 1161; x_wconf 85' lang='lat' dir='ltr'><strong>Petrus</strong></span> <span class='ocrx_word' id='word_1_47' title='bbox 752 1107 868 1178; x_wconf 80' lang='lat' dir='ltr'><strong>propter</strong></span> <span class='ocrx_word' id='word_1_48' title='bbox 893 1103 1067 1162; x_wconf 88' lang='lat' dir='ltr'><strong>consortium</strong></span> <span class='ocrx_word' id='word_1_49' title='bbox 1087 1103 1233 1161; x_wconf 72' lang='lat' dir='ltr'><strong>familiare</strong></span> <span class='ocrx_word' id='word_1_50' title='bbox 1254 1119 1312 1159; x_wconf 87' lang='lat' dir='ltr'><strong>cunr</strong></span> 
     </span>
     <span class='ocr_line' id='line_1_7' title="bbox 250 1201 1314 1284; baseline 0.001 -24"><span class='ocrx_word' id='word_1_51' title='bbox 250 1201 384 1262; x_wconf 81' lang='lat' dir='ltr'><strong>Cornelio</strong></span> <span class='ocrx_word' id='word_1_52' title='bbox 406 1205 582 1282; x_wconf 85' lang='lat' dir='ltr'><strong>centurione,</strong></span> <span class='ocrx_word' id='word_1_53' title='bbox 599 1204 714 1264; x_wconf 88' lang='lat' dir='ltr'><strong>homine</strong></span> <span class='ocrx_word' id='word_1_54' title='bbox 734 1223 790 1264; x_wconf 92' lang='lat' dir='ltr'><strong>non</strong></span> <span class='ocrx_word' id='word_1_55' title='bbox 812 1207 983 1265; x_wconf 90' lang='lat' dir='ltr'><strong>circumciso</strong></span> <span class='ocrx_word' id='word_1_56' title='bbox 997 1205 1097 1283; x_wconf 72' lang='lat' dir='ltr'><strong>(Acti.</strong></span> <span class='ocrx_word' id='word_1_57' title='bbox 1120 1223 1145 1265; x_wconf 85' lang='lat' dir='ltr'><strong>c.</strong></span> <span class='ocrx_word' id='word_1_58' title='bbox 1158 1203 1249 1284; x_wconf 73' lang='grc'><strong><em>10],</em></strong></span> <span class='ocrx_word' id='word_1_59' title='bbox 1269 1205 1314 1261; x_wconf 70' lang='lat' dir='ltr'><strong>ri-</strong></span> 
     </span>
     <span class='ocr_line' id='line_1_8' title="bbox 250 1305 1314 1384; baseline -0.001 -22"><span class='ocrx_word' id='word_1_60' title='bbox 250 1307 399 1376; x_wconf 86' lang='lat' dir='ltr'><strong>tuperatus</strong></span> <span class='ocrx_word' id='word_1_61' title='bbox 423 1307 511 1365; x_wconf 83' lang='lat' dir='ltr'><strong>ruerit</strong></span> <span class='ocrx_word' id='word_1_62' title='bbox 536 1323 555 1364; x_wconf 89' lang='lat' dir='ltr'><strong>a</strong></span> <span class='ocrx_word' id='word_1_63' title='bbox 582 1307 751 1366; x_wconf 85' lang='lat' dir='ltr'><strong>Christianis</strong></span> <span class='ocrx_word' id='word_1_64' title='bbox 770 1308 911 1367; x_wconf 77' lang='lat' dir='ltr'><strong>ludaismi</strong></span> <span class='ocrx_word' id='word_1_65' title='bbox 936 1307 1072 1366; x_wconf 79' lang='lat' dir='ltr'><strong>studiosis</strong></span> <span class='ocrx_word' id='word_1_66' title='bbox 1098 1305 1172 1384; x_wconf 87' lang='lat' dir='ltr'><strong>(quo</strong></span> <span class='ocrx_word' id='word_1_67' title='bbox 1200 1307 1314 1382; x_wconf 74' lang='lat' dir='ltr'><strong>postiae</strong></span> 
     </span>
     <span class='ocr_line' id='line_1_9' title="bbox 249 1407 1314 1488; baseline -0.002 -22"><span class='ocrx_word' id='word_1_68' title='bbox 249 1410 427 1484; x_wconf 82' lang='lat' dir='ltr'><strong>moveretur,</strong></span> <span class='ocrx_word' id='word_1_69' title='bbox 454 1409 487 1465; x_wconf 84' lang='lat' dir='ltr'><strong>nt</strong></span> <span class='ocrx_word' id='word_1_70' title='bbox 505 1408 679 1468; x_wconf 83' lang='lat' dir='ltr'><strong>Antiochiae</strong></span> <span class='ocrx_word' id='word_1_71' title='bbox 703 1409 739 1468; x_wconf 89' lang='lat' dir='ltr'><strong>lis</strong></span> <span class='ocrx_word' id='word_1_72' title='bbox 764 1410 894 1486; x_wconf 86' lang='lat' dir='ltr'><strong>cederet,</strong></span> <span class='ocrx_word' id='word_1_73' title='bbox 920 1407 969 1484; x_wconf 83' lang='lat' dir='ltr'><strong>pul</strong></span> <span class='ocrx_word' id='word_1_74' title='bbox 993 1408 1022 1467; x_wconf 91' lang='lat' dir='ltr'><strong>ln</strong></span> <span class='ocrx_word' id='word_1_75' title='bbox 1049 1410 1192 1467; x_wconf 89' lang='lat' dir='ltr'><strong>consortio</strong></span> <span class='ocrx_word' id='word_1_76' title='bbox 1220 1409 1314 1488; x_wconf 77' lang='lat' dir='ltr'><strong>homi-</strong></span> 
     </span>
     <span class='ocr_line' id='line_1_10' title="bbox 249 1510 1315 1590; baseline 0.001 -24"><span class='ocrx_word' id='word_1_77' title='bbox 249 1517 318 1566; x_wconf 86' lang='lat' dir='ltr'><strong>num</strong></span> <span class='ocrx_word' id='word_1_78' title='bbox 338 1525 395 1568; x_wconf 90' lang='lat' dir='ltr'><strong>uun</strong></span> <span class='ocrx_word' id='word_1_79' title='bbox 416 1510 650 1569; x_wconf 68' lang='lat' dir='ltr'><strong>circumcisorum</strong></span> <span class='ocrx_word' id='word_1_80' title='bbox 676 1511 879 1590; x_wconf 80' lang='lat' dir='ltr'><strong>offenderent.)</strong></span> <span class='ocrx_word' id='word_1_81' title='bbox 927 1511 994 1570; x_wconf 88' lang='lat' dir='ltr'><strong>Nec</strong></span> <span class='ocrx_word' id='word_1_82' title='bbox 1021 1527 1100 1588; x_wconf 87' lang='lat' dir='ltr'><strong>eam,</strong></span> <span class='ocrx_word' id='word_1_83' title='bbox 1123 1527 1211 1584; x_wconf 84' lang='lat' dir='ltr'><strong>quam</strong></span> <span class='ocrx_word' id='word_1_84' title='bbox 1237 1513 1315 1568; x_wconf 81' lang='lat' dir='ltr'><strong>Am-</strong></span> 
     </span>
     <span class='ocr_line' id='line_1_11' title="bbox 251 1609 1315 1689; baseline -0.003 -20"><span class='ocrx_word' id='word_1_85' title='bbox 251 1609 343 1669; x_wconf 80' lang='lat' dir='ltr'><strong>brus.</strong></span> <span class='ocrx_word' id='word_1_86' title='bbox 368 1609 466 1670; x_wconf 88' lang='lat' dir='ltr'><strong>inesse</strong></span> <span class='ocrx_word' id='word_1_87' title='bbox 490 1613 614 1689; x_wconf 88' lang='lat' dir='ltr'><strong>putavit,</strong></span> <span class='ocrx_word' id='word_1_88' title='bbox 639 1613 821 1671; x_wconf 77' lang='lat' dir='ltr'><strong>sententiam:</strong></span> <span class='ocrx_word' id='word_1_89' title='bbox 846 1613 1041 1686; x_wconf 83' lang='lat' dir='ltr'><strong>reprehensus</strong></span> <span class='ocrx_word' id='word_1_90' title='bbox 1068 1615 1131 1671; x_wconf 82' lang='lat' dir='ltr'><strong>erat</strong></span> <span class='ocrx_word' id='word_1_91' title='bbox 1155 1629 1174 1670; x_wconf 87' lang='lat' dir='ltr'><strong>a</strong></span> <span class='ocrx_word' id='word_1_92' title='bbox 1201 1615 1315 1672; x_wconf 79' lang='lat' dir='ltr'><strong>veritate</strong></span> 
     </span>
     <span class='ocr_line' id='line_1_12' title="bbox 251 1713 1317 1794; baseline 0 -24"><span class='ocrx_word' id='word_1_93' title='bbox 251 1713 440 1790; x_wconf 76' lang='lat' dir='ltr'><strong>evangeliea,</strong></span> <span class='ocrx_word' id='word_1_94' title='bbox 467 1715 516 1772; x_wconf 90' lang='lat' dir='ltr'><strong>cui</strong></span> <span class='ocrx_word' id='word_1_95' title='bbox 535 1713 592 1772; x_wconf 91' lang='lat' dir='ltr'><strong>hoo</strong></span> <span class='ocrx_word' id='word_1_96' title='bbox 618 1715 727 1772; x_wconf 79' lang='lat' dir='ltr'><strong>factum</strong></span> <span class='ocrx_word' id='word_1_97' title='bbox 752 1716 971 1794; x_wconf 55' lang='lat' dir='ltr'><strong>doemunt,</strong></span> <span class='ocrx_word' id='word_1_98' title='bbox 996 1716 1067 1775; x_wconf 86' lang='lat' dir='ltr'><strong>satis</strong></span> <span class='ocrx_word' id='word_1_99' title='bbox 1093 1715 1213 1773; x_wconf 80' lang='lat' dir='ltr'><strong>adiuvat</strong></span> <span class='ocrx_word' id='word_1_100' title='bbox 1232 1718 1317 1772; x_wconf 70' lang='lat' dir='ltr'><strong>series</strong></span> 
     </span>
     <span class='ocr_line' id='line_1_13' title="bbox 250 1813 1317 1884; baseline -0.004 -9"><span class='ocrx_word' id='word_1_101' title='bbox 250 1816 396 1875; x_wconf 87' lang='lat' dir='ltr'><strong>orationis.</strong></span> <span class='ocrx_word' id='word_1_102' title='bbox 439 1813 823 1884; x_wconf 60' lang='lat' dir='ltr'><strong>pronunciationem</strong></span> <span class='ocrx_word' id='word_1_103' title='bbox 851 1818 1006 1877; x_wconf 85' lang='lat' dir='ltr'><strong>existimat:</strong></span> <span class='ocrx_word' id='word_1_104' title='bbox 1034 1815 1242 1875; x_wconf 89' lang='lat' dir='ltr'><strong>condemnatus</strong></span> <span class='ocrx_word' id='word_1_105' title='bbox 1263 1821 1317 1872; x_wconf 84' lang='lat' dir='ltr'><strong>erat</strong></span> 
     </span>
     <span class='ocr_line' id='line_1_14' title="bbox 230 1895 1316 2004; baseline -0.006 -28"><span class='ocrx_word' id='word_1_106' title='bbox 230 1895 303 2004; x_wconf 34' lang='lat' dir='ltr'><strong>:per</strong></span> <span class='ocrx_word' id='word_1_107' title='bbox 328 1933 411 1976; x_wconf 88' lang='lat' dir='ltr'><strong>snam</strong></span> <span class='ocrx_word' id='word_1_108' title='bbox 440 1915 531 1991; x_wconf 89' lang='lat' dir='ltr'><strong>ipsius</strong></span> <span class='ocrx_word' id='word_1_109' title='bbox 559 1915 778 1996; x_wconf 88' lang='lat' dir='ltr'><strong>conscientiam,</strong></span> <span class='ocrx_word' id='word_1_110' title='bbox 799 1919 859 1980; x_wconf 79' lang='lat' dir='ltr'><strong>-vix</strong></span> <span class='ocrx_word' id='word_1_111' title='bbox 890 1919 1050 1994; x_wconf 84' lang='lat' dir='ltr'><strong>putaverim</strong></span> <span class='ocrx_word' id='word_1_112' title='bbox 1083 1915 1253 1992; x_wconf 85' lang='lat' dir='ltr'><strong>simpliciter</strong></span> <span class='ocrx_word' id='word_1_113' title='bbox 1281 1920 1316 1972; x_wconf 80' lang='lat' dir='ltr'><strong>sir</strong></span> 
     </span>
     <span class='ocr_line' id='line_1_15' title="bbox 249 2007 1316 2100; baseline -0.003 -24"><span class='ocrx_word' id='word_1_114' title='bbox 249 2013 390 2076; x_wconf 88' lang='lat' dir='ltr'><strong>enuntiari</strong></span> <span class='ocrx_word' id='word_1_115' title='bbox 409 2019 538 2093; x_wconf 85' lang='lat' dir='ltr'><strong>potuisse</strong></span> <span class='ocrx_word' id='word_1_116' title='bbox 565 2015 818 2100; x_wconf 67' lang='grc' dir='ltr'><em>κατεγνωσμένος</em></span> <span class='ocrx_word' id='word_1_117' title='bbox 840 2007 889 2094; x_wconf 72' lang='grc' dir='ltr'><strong>ἦν.</strong></span> <span class='ocrx_word' id='word_1_118' title='bbox 931 2022 1066 2097; x_wconf 84' lang='lat' dir='ltr'><strong>Sequitur</strong></span> <span class='ocrx_word' id='word_1_119' title='bbox 1082 2020 1173 2095; x_wconf 87' lang='lat' dir='ltr'><strong>ipsius</strong></span> <span class='ocrx_word' id='word_1_120' title='bbox 1187 2019 1233 2078; x_wconf 92' lang='lat' dir='ltr'><strong>rei</strong></span> <span class='ocrx_word' id='word_1_121' title='bbox 1250 2034 1316 2075; x_wconf 84' lang='lat' dir='ltr'><strong>cor-</strong></span> 
     </span>
     <span class='ocr_line' id='line_1_16' title="bbox 251 2115 1317 2202; baseline -0.002 -24"><span class='ocrx_word' id='word_1_122' title='bbox 251 2124 403 2178; x_wconf 80' lang='lat' dir='ltr'><strong>troversae</strong></span> <span class='ocrx_word' id='word_1_123' title='bbox 423 2121 561 2194; x_wconf 81' lang='lat' dir='ltr'><strong>expositio</strong></span> <span class='ocrx_word' id='word_1_124' title='bbox 580 2137 609 2179; x_wconf 87' lang='lat' dir='ltr'><strong>r.</strong></span> <span class='ocrx_word' id='word_1_125' title='bbox 631 2124 683 2181; x_wconf 71' lang='lat'><strong>12.</strong></span> <span class='ocrx_word' id='word_1_126' title='bbox 726 2115 811 2200; x_wconf 76' lang='lat' dir='ltr'><strong>Hori</strong></span> <span class='ocrx_word' id='word_1_127' title='bbox 835 2122 907 2184; x_wconf 78' lang='grc' dir='ltr'><strong>τοῦ</strong></span> <span class='ocrx_word' id='word_1_128' title='bbox 928 2117 1004 2202; x_wconf 68' lang='grc' dir='ltr'><strong>γὰρ</strong></span> <span class='ocrx_word' id='word_1_129' title='bbox 1030 2127 1087 2180; x_wconf 89' lang='lat' dir='ltr'><strong>etc.</strong></span> <span class='ocrx_word' id='word_1_130' title='bbox 1130 2119 1317 2182; x_wconf 70' lang='grc' dir='ltr'><strong>Συνεσθί-</strong></span> 
     </span>
     <span class='ocr_line' id='line_1_17' title="bbox 252 2212 1317 2300; baseline -0.004 -20"><span class='ocrx_word' id='word_1_131' title='bbox 252 2235 312 2282; x_wconf 77' lang='grc' dir='ltr'><strong>ειν</strong></span> <span class='ocrx_word' id='word_1_132' title='bbox 332 2212 415 2300; x_wconf 73' lang='lat' dir='ltr'><strong>pred</strong></span> <span class='ocrx_word' id='word_1_133' title='bbox 436 2241 522 2288; x_wconf 74' lang='lat' dir='ltr'><strong>srvos</strong></span> <span class='ocrx_word' id='word_1_134' title='bbox 544 2239 569 2282; x_wconf 91' lang='lat' dir='ltr'><strong>s.</strong></span> <span class='ocrx_word' id='word_1_135' title='bbox 592 2246 669 2300; x_wconf 77' lang='grc' dir='ltr'><em>τινι,</em></span> <span class='ocrx_word' id='word_1_136' title='bbox 696 2241 762 2284; x_wconf 88' lang='lat' dir='ltr'><strong>cum</strong></span> <span class='ocrx_word' id='word_1_137' title='bbox 787 2225 910 2300; x_wconf 86' lang='lat' dir='ltr'><strong>quodam</strong></span> <span class='ocrx_word' id='word_1_138' title='bbox 931 2223 1098 2300; x_wconf 86' lang='lat' dir='ltr'><strong>comedere,</strong></span> <span class='ocrx_word' id='word_1_139' title='bbox 1125 2223 1317 2300; x_wconf 75' lang='lat' dir='ltr'><strong>Luc.15,2.</strong></span> 
     </span>
     <span class='ocr_line' id='line_1_18' title="bbox 253 2321 1353 2406; baseline -0.004 -25"><span class='ocrx_word' id='word_1_140' title='bbox 253 2321 281 2381; x_wconf 82' lang='lat' dir='ltr'><strong>l·</strong></span> <span class='ocrx_word' id='word_1_141' title='bbox 296 2321 426 2402; x_wconf 58' lang='lat' dir='ltr'><strong>curru,</strong></span> <span class='ocrx_word' id='word_1_142' title='bbox 440 2323 490 2382; x_wconf 88' lang='grc'><strong>11.</strong></span> <span class='ocrx_word' id='word_1_143' title='bbox 532 2327 661 2389; x_wconf 71' lang='lat' dir='ltr'><strong>Lucium.</strong></span> <span class='ocrx_word' id='word_1_144' title='bbox 679 2343 783 2402; x_wconf 83' lang='lat' dir='ltr'><strong>puras.</strong></span> <span class='ocrx_word' id='word_1_145' title='bbox 804 2329 840 2406; x_wconf 67' lang='grc'><strong>3.</strong></span> <span class='ocrx_word' id='word_1_146' title='bbox 853 2331 907 2387; x_wconf 77' lang='lat'><strong>22.</strong></span> <span class='ocrx_word' id='word_1_147' title='bbox 930 2327 984 2386; x_wconf 88' lang='lat' dir='ltr'><strong>etsi</strong></span> <span class='ocrx_word' id='word_1_148' title='bbox 1002 2327 1144 2386; x_wconf 85' lang='lat' dir='ltr'><strong>interdum</strong></span> <span class='ocrx_word' id='word_1_149' title='bbox 1166 2341 1256 2382; x_wconf 79' lang='lat' dir='ltr'><strong>sensu</strong></span> <span class='ocrx_word' id='word_1_150' title='bbox 1277 2325 1320 2378; x_wconf 85' lang='lat' dir='ltr'><strong>la·</strong></span> <span class='ocrx_word' id='word_1_151' title='bbox 1352 2337 1353 2340; x_wconf 45' lang='lat'>¹</span> 
     </span>
     <span class='ocr_line' id='line_1_19' title="bbox 251 2373 1353 2502; baseline 0.001 -21"><span class='ocrx_word' id='word_1_152' title='bbox 251 2425 317 2482; x_wconf 90' lang='lat' dir='ltr'><strong>tiorl</strong></span> <span class='ocrx_word' id='word_1_153' title='bbox 338 2427 511 2486; x_wconf 79' lang='lat' dir='ltr'><strong>consortium</strong></span> <span class='ocrx_word' id='word_1_154' title='bbox 531 2427 652 2487; x_wconf 83' lang='lat' dir='ltr'><strong>alicrrlns</strong></span> <span class='ocrx_word' id='word_1_155' title='bbox 678 2429 819 2488; x_wconf 71' lang='lat' dir='ltr'><strong>familiare</strong></span> <span class='ocrx_word' id='word_1_156' title='bbox 846 2430 984 2502; x_wconf 82' lang='lat' dir='ltr'><strong>exprimat</strong></span> <span class='ocrx_word' id='word_1_157' title='bbox 1014 2427 1111 2488; x_wconf 79' lang='lat' dir='ltr'>LXX.</span> <span class='ocrx_word' id='word_1_158' title='bbox 1134 2425 1184 2483; x_wconf 86' lang='lat' dir='ltr'><strong>Pa.</strong></span> <span class='ocrx_word' id='word_1_159' title='bbox 1202 2425 1278 2502; x_wconf 83' lang='lat'><em>101,</em></span> <span class='ocrx_word' id='word_1_160' title='bbox 1293 2429 1321 2481; x_wconf 80' lang='lat'><strong>5.</strong></span> <span class='ocrx_word' id='word_1_161' title='bbox 1352 2373 1353 2451; x_wconf 33' lang='lat'>¹</span> 
     </span>
     <span class='ocr_line' id='line_1_20' title="bbox 254 2513 1322 2612; baseline -0.003 -29"><span class='ocrx_word' id='word_1_162' title='bbox 254 2524 508 2602; x_wconf 83' lang='lat' dir='ltr'><strong>[quemadmodum</strong></span> <span class='ocrx_word' id='word_1_163' title='bbox 528 2529 664 2592; x_wconf 71' lang='lat' dir='ltr'><strong>drauscio</strong></span> <span class='ocrx_word' id='word_1_164' title='bbox 685 2525 767 2612; x_wconf 74' lang='lat' dir='ltr'><strong>perol</strong></span> <span class='ocrx_word' id='word_1_165' title='bbox 791 2552 873 2597; x_wconf 77' lang='lat' dir='ltr'><strong>casos</strong></span> <span class='ocrx_word' id='word_1_166' title='bbox 886 2531 1056 2608; x_wconf 68' lang='lat' dir='ltr'><strong>Apamia,</strong></span> <span class='ocrx_word' id='word_1_167' title='bbox 1069 2527 1159 2607; x_wconf 72' lang='grc'><strong>20],</strong></span> <span class='ocrx_word' id='word_1_168' title='bbox 1180 2513 1240 2584; x_wconf 84' lang='lat' dir='ltr'><strong>hoc</strong></span> <span class='ocrx_word' id='word_1_169' title='bbox 1261 2529 1322 2583; x_wconf 86' lang='lat' dir='ltr'><strong>loco</strong></span> 
     </span>
     <span class='ocr_line' id='line_1_21' title="bbox 254 2629 1324 2710; baseline -0.002 -24"><span class='ocrx_word' id='word_1_170' title='bbox 254 2631 347 2687; x_wconf 87' lang='lat' dir='ltr'><strong>tamen</strong></span> <span class='ocrx_word' id='word_1_171' title='bbox 368 2632 523 2702; x_wconf 85' lang='lat' dir='ltr'><strong>praecipue</strong></span> <span class='ocrx_word' id='word_1_172' title='bbox 543 2633 666 2692; x_wconf 86' lang='lat' dir='ltr'><strong>tenenda</strong></span> <span class='ocrx_word' id='word_1_173' title='bbox 686 2638 732 2690; x_wconf 86' lang='lat' dir='ltr'><strong>est</strong></span> <span class='ocrx_word' id='word_1_174' title='bbox 750 2633 921 2710; x_wconf 79' lang='lat' dir='ltr'><strong>significatio</strong></span> <span class='ocrx_word' id='word_1_175' title='bbox 941 2631 1066 2706; x_wconf 83' lang='lat' dir='ltr'><strong>propria.</strong></span> <span class='ocrx_word' id='word_1_176' title='bbox 1112 2630 1148 2689; x_wconf 92' lang='lat' dir='ltr'><strong>ld</strong></span> <span class='ocrx_word' id='word_1_177' title='bbox 1170 2629 1247 2686; x_wconf 90' lang='lat' dir='ltr'><strong>enim</strong></span> <span class='ocrx_word' id='word_1_178' title='bbox 1269 2631 1324 2686; x_wconf 86' lang='lat' dir='ltr'><strong>Ju-</strong></span> 
     </span>
     <span class='ocr_line' id='line_1_22' title="bbox 254 2729 1352 2806; baseline -0.005 -19"><span class='ocrx_word' id='word_1_179' title='bbox 254 2729 517 2791; x_wconf 79' lang='lat' dir='ltr'><strong>usco-christiani</strong></span> <span class='ocrx_word' id='word_1_180' title='bbox 547 2733 770 2806; x_wconf 83' lang='lat' dir='ltr'><strong>Hierosolymitt</strong></span> <span class='ocrx_word' id='word_1_181' title='bbox 801 2737 888 2795; x_wconf 89' lang='lat' dir='ltr'><strong>Petro</strong></span> <span class='ocrx_word' id='word_1_182' title='bbox 920 2733 1043 2792; x_wconf 88' lang='lat' dir='ltr'><strong>maxime</strong></span> <span class='ocrx_word' id='word_1_183' title='bbox 1073 2731 1143 2790; x_wconf 83' lang='lat' dir='ltr'><strong>vitio</strong></span> <span class='ocrx_word' id='word_1_184' title='bbox 1167 2737 1325 2790; x_wconf 80' lang='lat' dir='ltr'><strong>verterant.</strong></span> <span class='ocrx_word' id='word_1_185' title='bbox 1351 2765 1352 2774; x_wconf 27' lang='lat' dir='ltr'><strong>a</strong></span> 
     </span>
     <span class='ocr_line' id='line_1_23' title="bbox 253 2830 1325 2910; baseline 0 -22"><span class='ocrx_word' id='word_1_186' title='bbox 253 2831 330 2906; x_wconf 79' lang='lat' dir='ltr'><strong>quod</strong></span> <span class='ocrx_word' id='word_1_187' title='bbox 353 2830 437 2910; x_wconf 84' lang='lat' dir='ltr'><strong>(voci</strong></span> <span class='ocrx_word' id='word_1_188' title='bbox 457 2834 572 2907; x_wconf 86' lang='lat' dir='ltr'><strong>quidem</strong></span> <span class='ocrx_word' id='word_1_189' title='bbox 593 2837 707 2894; x_wconf 91' lang='lat' dir='ltr'><strong>divinae</strong></span> <span class='ocrx_word' id='word_1_190' title='bbox 728 2838 901 2909; x_wconf 87' lang='lat' dir='ltr'><strong>obsequutus</strong></span> <span class='ocrx_word' id='word_1_191' title='bbox 921 2835 1001 2898; x_wconf 82' lang='lat' dir='ltr'><strong>Actt.</strong></span> <span class='ocrx_word' id='word_1_192' title='bbox 1024 2851 1049 2894; x_wconf 87' lang='lat' dir='ltr'><strong>c.</strong></span> <span class='ocrx_word' id='word_1_193' title='bbox 1066 2833 1141 2910; x_wconf 78' lang='lat' dir='ltr'><strong>to.)</strong></span> <span class='ocrx_word' id='word_1_194' title='bbox 1163 2849 1233 2890; x_wconf 90' lang='lat' dir='ltr'><strong>cnm</strong></span> <span class='ocrx_word' id='word_1_195' title='bbox 1252 2831 1325 2888; x_wconf 85' lang='lat' dir='ltr'><strong>Cor-</strong></span> 
     </span>
     <span class='ocr_line' id='line_1_24' title="bbox 253 2931 1325 3016; baseline -0.004 -24"><span class='ocrx_word' id='word_1_196' title='bbox 253 2931 330 2992; x_wconf 91' lang='lat' dir='ltr'><strong>nello</strong></span> <span class='ocrx_word' id='word_1_197' title='bbox 351 2935 469 3008; x_wconf 83' lang='lat' dir='ltr'><strong>eiusque</strong></span> <span class='ocrx_word' id='word_1_198' title='bbox 489 2937 668 3016; x_wconf 74' lang='lat' dir='ltr'><strong>domesticis,</strong></span> <span class='ocrx_word' id='word_1_199' title='bbox 692 2938 853 2999; x_wconf 88' lang='lat' dir='ltr'><strong>hominibus</strong></span> <span class='ocrx_word' id='word_1_200' title='bbox 879 2953 937 2996; x_wconf 92' lang='lat' dir='ltr'><strong>non</strong></span> <span class='ocrx_word' id='word_1_201' title='bbox 964 2937 1160 3011; x_wconf 85' lang='lat' dir='ltr'><strong>circumcisis,</strong></span> <span class='ocrx_word' id='word_1_202' title='bbox 1183 2939 1325 2994; x_wconf 74' lang='lat' dir='ltr'><strong>carenn-</strong></span> 
     </span>
     <span class='ocr_line' id='line_1_25' title="bbox 254 3036 1327 3120; baseline -0.007 -24"><span class='ocrx_word' id='word_1_203' title='bbox 254 3041 304 3096; x_wconf 71' lang='grc' dir='ltr'><strong>ιω</strong></span> <span class='ocrx_word' id='word_1_204' title='bbox 324 3043 401 3096; x_wconf 81' lang='lat' dir='ltr'><strong>esset</strong></span> <span class='ocrx_word' id='word_1_205' title='bbox 426 3036 504 3097; x_wconf 81' lang='lat' dir='ltr'><strong>Actt.</strong></span> <span class='ocrx_word' id='word_1_206' title='bbox 522 3039 577 3120; x_wconf 82' lang='lat'><strong>11,</strong></span> <span class='ocrx_word' id='word_1_207' title='bbox 593 3043 624 3099; x_wconf 82' lang='lat'><strong>2.</strong></span> <span class='ocrx_word' id='word_1_208' title='bbox 644 3055 707 3117; x_wconf 76' lang='lat' dir='ltr'><strong>app.</strong></span> <span class='ocrx_word' id='word_1_209' title='bbox 755 3040 923 3114; x_wconf 78' lang='lat' dir='ltr'><strong>Quicunque</strong></span> <span class='ocrx_word' id='word_1_210' title='bbox 949 3040 1025 3096; x_wconf 90' lang='lat' dir='ltr'><strong>enim</strong></span> <span class='ocrx_word' id='word_1_211' title='bbox 1049 3039 1122 3096; x_wconf 90' lang='lat' dir='ltr'><strong>inter</strong></span> <span class='ocrx_word' id='word_1_212' title='bbox 1149 3037 1327 3096; x_wconf 67' lang='lat' dir='ltr'><strong>Christianos</strong></span> 
     </span>
     <span class='ocr_line' id='line_1_26' title="bbox 256 3139 1327 3218; baseline -0.002 -24"><span class='ocrx_word' id='word_1_213' title='bbox 256 3139 408 3197; x_wconf 76' lang='lat' dir='ltr'><strong>etiamnum</strong></span> <span class='ocrx_word' id='word_1_214' title='bbox 434 3141 595 3200; x_wconf 89' lang='lat' dir='ltr'><strong>tenaciores</strong></span> <span class='ocrx_word' id='word_1_215' title='bbox 620 3147 702 3200; x_wconf 87' lang='lat' dir='ltr'><strong>crant</strong></span> <span class='ocrx_word' id='word_1_216' title='bbox 726 3141 801 3218; x_wconf 81' lang='lat' dir='ltr'><strong>tegis</strong></span> <span class='ocrx_word' id='word_1_217' title='bbox 822 3141 899 3200; x_wconf 85' lang='lat' dir='ltr'><strong>Mos.</strong></span> <span class='ocrx_word' id='word_1_218' title='bbox 921 3140 1125 3216; x_wconf 88' lang='lat' dir='ltr'><strong>cerimonialis,</strong></span> <span class='ocrx_word' id='word_1_219' title='bbox 1151 3139 1233 3197; x_wconf 87' lang='lat' dir='ltr'><strong>illam</strong></span> <span class='ocrx_word' id='word_1_220' title='bbox 1257 3156 1327 3210; x_wconf 80' lang='lat' dir='ltr'><strong>epu-</strong></span> 
     </span>
     <span class='ocr_line' id='line_1_27' title="bbox 253 3236 1328 3316; baseline 0 -20"><span class='ocrx_word' id='word_1_221' title='bbox 253 3238 346 3298; x_wconf 87' lang='lat' dir='ltr'><strong>larum</strong></span> <span class='ocrx_word' id='word_1_222' title='bbox 378 3240 603 3300; x_wconf 89' lang='lat' dir='ltr'><strong>communionem</strong></span> <span class='ocrx_word' id='word_1_223' title='bbox 635 3259 699 3302; x_wconf 91' lang='lat' dir='ltr'><strong>cum</strong></span> <span class='ocrx_word' id='word_1_224' title='bbox 726 3243 857 3302; x_wconf 77' lang='lat' dir='ltr'><strong>Ethnicis</strong></span> <span class='ocrx_word' id='word_1_225' title='bbox 891 3247 976 3316; x_wconf 86' lang='lat' dir='ltr'><strong>atque</strong></span> <span class='ocrx_word' id='word_1_226' title='bbox 1005 3241 1173 3300; x_wconf 75' lang='lat' dir='ltr'><strong>Christianis</strong></span> <span class='ocrx_word' id='word_1_227' title='bbox 1201 3236 1239 3300; x_wconf 76' lang='lat' dir='ltr'><strong>lx</strong></span> <span class='ocrx_word' id='word_1_228' title='bbox 1271 3241 1328 3298; x_wconf 71' lang='grc' dir='ltr'><strong>τῶν</strong></span> 
     </span>
     <span class='ocr_line' id='line_1_28' title="bbox 256 3336 1328 3421; baseline -0.007 -19"><span class='ocrx_word' id='word_1_229' title='bbox 256 3336 363 3403; x_wconf 71' lang='grc' dir='ltr'><em>ἐθνῶν</em></span> <span class='ocrx_word' id='word_1_230' title='bbox 387 3343 488 3400; x_wconf 90' lang='lat' dir='ltr'><strong>sedulo</strong></span> <span class='ocrx_word' id='word_1_231' title='bbox 514 3343 677 3421; x_wconf 77' lang='lat' dir='ltr'><strong>fugiebant,</strong></span> <span class='ocrx_word' id='word_1_232' title='bbox 708 3360 745 3402; x_wconf 92' lang='lat' dir='ltr'><strong>ne</strong></span> <span class='ocrx_word' id='word_1_233' title='bbox 770 3347 844 3402; x_wconf 85' lang='lat' dir='ltr'><strong>iortc</strong></span> <span class='ocrx_word' id='word_1_234' title='bbox 871 3345 1011 3402; x_wconf 90' lang='lat' dir='ltr'><strong>eiusmodi</strong></span> <span class='ocrx_word' id='word_1_235' title='bbox 1037 3343 1106 3400; x_wconf 84' lang='lat' dir='ltr'><strong>cibis</strong></span> <span class='ocrx_word' id='word_1_236' title='bbox 1134 3343 1184 3415; x_wconf 83' lang='lat' dir='ltr'><strong>qui</strong></span> <span class='ocrx_word' id='word_1_237' title='bbox 1209 3343 1328 3399; x_wconf 69' lang='lat' dir='ltr'><strong>luntatis</strong></span> 
     </span>
     <span class='ocr_line' id='line_1_29' title="bbox 256 3440 1328 3522; baseline -0.002 -24"><span class='ocrx_word' id='word_1_238' title='bbox 256 3440 325 3517; x_wconf 82' lang='lat' dir='ltr'><strong>lege</strong></span> <span class='ocrx_word' id='word_1_239' title='bbox 351 3441 494 3502; x_wconf 84' lang='lat' dir='ltr'><strong>interdicti</strong></span> <span class='ocrx_word' id='word_1_240' title='bbox 520 3451 614 3504; x_wconf 85' lang='lat' dir='ltr'><strong>essent</strong></span> <span class='ocrx_word' id='word_1_241' title='bbox 644 3444 694 3504; x_wconf 83' lang='lat' dir='ltr'><strong>vel</strong></span> <span class='ocrx_word' id='word_1_242' title='bbox 714 3446 897 3504; x_wconf 85' lang='lat' dir='ltr'><strong>comedendis</strong></span> <span class='ocrx_word' id='word_1_243' title='bbox 917 3448 966 3504; x_wconf 86' lang='lat' dir='ltr'><strong>vel</strong></span> <span class='ocrx_word' id='word_1_244' title='bbox 985 3445 1136 3522; x_wconf 84' lang='lat' dir='ltr'><strong>tangendis</strong></span> <span class='ocrx_word' id='word_1_245' title='bbox 1156 3443 1328 3516; x_wconf 79' lang='lat' dir='ltr'><strong>pollueren-</strong></span> 
     </span>
     <span class='ocr_line' id='line_1_30' title="bbox 255 3543 1329 3626; baseline -0.003 -25"><span class='ocrx_word' id='word_1_246' title='bbox 255 3547 310 3602; x_wconf 88' lang='lat' dir='ltr'><strong>tur.</strong></span> <span class='ocrx_word' id='word_1_247' title='bbox 351 3543 468 3621; x_wconf 84' lang='lat' dir='ltr'><strong>l’etrus,</strong></span> <span class='ocrx_word' id='word_1_248' title='bbox 488 3545 600 3606; x_wconf 71' lang='lat' dir='ltr'><strong>nisime</strong></span> <span class='ocrx_word' id='word_1_249' title='bbox 620 3548 721 3626; x_wconf 72' lang='lat' dir='ltr'><strong>(Acti.</strong></span> <span class='ocrx_word' id='word_1_250' title='bbox 743 3566 768 3608; x_wconf 89' lang='lat' dir='ltr'><strong>c.</strong></span> <span class='ocrx_word' id='word_1_251' title='bbox 787 3548 860 3625; x_wconf 80' lang='lat'><strong><em>10.)</em></strong></span> <span class='ocrx_word' id='word_1_252' title='bbox 881 3547 1009 3623; x_wconf 88' lang='lat' dir='ltr'><strong>edoctus,</strong></span> <span class='ocrx_word' id='word_1_253' title='bbox 1029 3546 1161 3604; x_wconf 84' lang='lat' dir='ltr'><strong>hommes</strong></span> <span class='ocrx_word' id='word_1_254' title='bbox 1184 3544 1329 3604; x_wconf 67' lang='lat' dir='ltr'><strong>chri-rra-</strong></span> 
     </span>
     <span class='ocr_line' id='line_1_31' title="bbox 257 3643 1330 3722; baseline -0.004 -20"><span class='ocrx_word' id='word_1_255' title='bbox 257 3660 310 3702; x_wconf 89' lang='lat' dir='ltr'><strong>nos</strong></span> <span class='ocrx_word' id='word_1_256' title='bbox 335 3643 376 3704; x_wconf 88' lang='lat' dir='ltr'><strong>illi</strong></span> <span class='ocrx_word' id='word_1_257' title='bbox 408 3645 535 3708; x_wconf 88' lang='lat' dir='ltr'><strong>ciborum</strong></span> <span class='ocrx_word' id='word_1_258' title='bbox 563 3650 720 3710; x_wconf 88' lang='lat' dir='ltr'><strong>discrimini</strong></span> <span class='ocrx_word' id='word_1_259' title='bbox 745 3666 802 3711; x_wconf 88' lang='lat' dir='ltr'><strong>non</strong></span> <span class='ocrx_word' id='word_1_260' title='bbox 832 3651 954 3722; x_wconf 89' lang='lat' dir='ltr'><strong>amplius</strong></span> <span class='ocrx_word' id='word_1_261' title='bbox 985 3664 1051 3708; x_wconf 87' lang='lat' dir='ltr'><strong>csse</strong></span> <span class='ocrx_word' id='word_1_262' title='bbox 1081 3647 1223 3705; x_wconf 85' lang='lat' dir='ltr'><strong>obnoxios</strong></span> <span class='ocrx_word' id='word_1_263' title='bbox 1257 3658 1330 3702; x_wconf 80' lang='lat' dir='ltr'><strong>cerro</strong></span> 
     </span>
     <span class='ocr_line' id='line_1_32' title="bbox 255 3747 1331 3824; baseline -0.002 -20"><span class='ocrx_word' id='word_1_264' title='bbox 255 3747 309 3804; x_wconf 90' lang='lat' dir='ltr'><strong>sibi</strong></span> <span class='ocrx_word' id='word_1_265' title='bbox 336 3753 531 3824; x_wconf 72' lang='lat' dir='ltr'><strong>persuaserat</strong></span> <span class='ocrx_word' id='word_1_266' title='bbox 573 3752 655 3812; x_wconf 89' lang='lat' dir='ltr'><strong>ldem</strong></span> <span class='ocrx_word' id='word_1_267' title='bbox 678 3753 708 3812; x_wconf 93' lang='lat' dir='ltr'><strong>in</strong></span> <span class='ocrx_word' id='word_1_268' title='bbox 734 3758 877 3810; x_wconf 91' lang='lat' dir='ltr'><strong>conventu</strong></span> <span class='ocrx_word' id='word_1_269' title='bbox 903 3751 1046 3809; x_wconf 80' lang='lat' dir='ltr'><strong>Hierosol.</strong></span> <span class='ocrx_word' id='word_1_270' title='bbox 1072 3749 1212 3808; x_wconf 84' lang='lat' dir='ltr'><strong>libertatis</strong></span> <span class='ocrx_word' id='word_1_271' title='bbox 1245 3749 1331 3806; x_wconf 75' lang='lat' dir='ltr'><strong>Chri-</strong></span> 
     </span>
     <span class='ocr_line' id='line_1_33' title="bbox 256 3848 1331 3927; baseline 0.002 -21"><span class='ocrx_word' id='word_1_272' title='bbox 256 3848 411 3908; x_wconf 87' lang='lat' dir='ltr'><strong>stianorum</strong></span> <span class='ocrx_word' id='word_1_273' title='bbox 436 3867 454 3908; x_wconf 91' lang='lat' dir='ltr'><strong>a</strong></span> <span class='ocrx_word' id='word_1_274' title='bbox 484 3850 553 3927; x_wconf 81' lang='lat' dir='ltr'><strong>lego</strong></span> <span class='ocrx_word' id='word_1_275' title='bbox 579 3851 656 3912; x_wconf 85' lang='lat' dir='ltr'><strong>Mos.</strong></span> <span class='ocrx_word' id='word_1_276' title='bbox 684 3854 818 3912; x_wconf 77' lang='lat' dir='ltr'><strong>defensor</strong></span> <span class='ocrx_word' id='word_1_277' title='bbox 851 3853 982 3912; x_wconf 81' lang='lat' dir='ltr'><strong>extiterat</strong></span> <span class='ocrx_word' id='word_1_278' title='bbox 1012 3857 1145 3910; x_wconf 91' lang='lat' dir='ltr'><strong>strenuus</strong></span> <span class='ocrx_word' id='word_1_279' title='bbox 1177 3851 1266 3912; x_wconf 71' lang='lat' dir='ltr'><strong>Aera</strong></span> <span class='ocrx_word' id='word_1_280' title='bbox 1285 3853 1331 3908; x_wconf 77' lang='grc'><strong>15.</strong></span> 
     </span>
     <span class='ocr_line' id='line_1_34' title="bbox 256 3951 1331 4032; baseline 0.003 -25"><span class='ocrx_word' id='word_1_281' title='bbox 256 3951 397 4030; x_wconf 65' lang='lat' dir='ltr'><strong>ma,</strong></span> <span class='ocrx_word' id='word_1_282' title='bbox 419 3967 475 4010; x_wconf 90' lang='lat' dir='ltr'><strong>nec</strong></span> <span class='ocrx_word' id='word_1_283' title='bbox 494 3954 583 4031; x_wconf 83' lang='lat' dir='ltr'><strong>Petri,</strong></span> <span class='ocrx_word' id='word_1_284' title='bbox 604 3957 655 4014; x_wconf 88' lang='lat' dir='ltr'><strong>sed</strong></span> <span class='ocrx_word' id='word_1_285' title='bbox 666 3957 767 4014; x_wconf 85' lang='lat' dir='ltr'><strong>Jaccbi</strong></span> <span class='ocrx_word' id='word_1_286' title='bbox 787 3958 955 4014; x_wconf 83' lang='lat' dir='ltr'><strong>auctoritate</strong></span> <span class='ocrx_word' id='word_1_287' title='bbox 975 3953 1076 4032; x_wconf 80' lang='lat' dir='ltr'><strong>(Acti.</strong></span> <span class='ocrx_word' id='word_1_288' title='bbox 1090 3955 1144 4032; x_wconf 75' lang='lat'><strong>15,</strong></span> <span class='ocrx_word' id='word_1_289' title='bbox 1156 3951 1331 4026; x_wconf 75' lang='lat'><em>18—22.)</em></span> 
     </span>
     <span class='ocr_line' id='line_1_35' title="bbox 257 4047 1349 4135; baseline 0.005 -30"><span class='ocrx_word' id='word_1_290' title='bbox 257 4047 405 4108; x_wconf 88' lang='lat' dir='ltr'><strong>decretum</strong></span> <span class='ocrx_word' id='word_1_291' title='bbox 424 4054 495 4114; x_wconf 85' lang='lat' dir='ltr'><strong>illud</strong></span> <span class='ocrx_word' id='word_1_292' title='bbox 521 4057 618 4115; x_wconf 79' lang='lat' dir='ltr'><strong>fuerat</strong></span> <span class='ocrx_word' id='word_1_293' title='bbox 641 4059 852 4135; x_wconf 84' lang='lat' dir='ltr'><strong>promulgatum</strong></span> <span class='ocrx_word' id='word_1_294' title='bbox 880 4057 947 4134; x_wconf 82' lang='lat' dir='ltr'><strong>(cui</strong></span> <span class='ocrx_word' id='word_1_295' title='bbox 969 4057 1077 4115; x_wconf 84' lang='lat' dir='ltr'><strong>Pardus</strong></span> <span class='ocrx_word' id='word_1_296' title='bbox 1102 4057 1181 4131; x_wconf 87' lang='lat' dir='ltr'><strong>ipse,</strong></span> <span class='ocrx_word' id='word_1_297' title='bbox 1208 4072 1349 4120; x_wconf 49' lang='lat' dir='ltr'><strong>receerun-¹</strong></span> 
     </span>
     <span class='ocr_line' id='line_1_36' title="bbox 256 4152 1333 4236; baseline 0.001 -30"><span class='ocrx_word' id='word_1_298' title='bbox 256 4152 418 4211; x_wconf 86' lang='lat' dir='ltr'><strong>modatione</strong></span> <span class='ocrx_word' id='word_1_299' title='bbox 443 4160 502 4216; x_wconf 91' lang='lat' dir='ltr'><strong>tum</strong></span> <span class='ocrx_word' id='word_1_300' title='bbox 532 4161 668 4232; x_wconf 88' lang='lat' dir='ltr'><strong>temporis</strong></span> <span class='ocrx_word' id='word_1_301' title='bbox 694 4159 859 4218; x_wconf 84' lang='lat' dir='ltr'><strong>necessaria</strong></span> <span class='ocrx_word' id='word_1_302' title='bbox 885 4176 969 4236; x_wconf 89' lang='lat' dir='ltr'><strong>usus,</strong></span> <span class='ocrx_word' id='word_1_303' title='bbox 996 4159 1196 4222; x_wconf 87' lang='lat' dir='ltr'><strong>contradicere</strong></span> <span class='ocrx_word' id='word_1_304' title='bbox 1224 4155 1333 4226; x_wconf 76' lang='lat' dir='ltr'><strong>nolon)</strong></span> 
     </span>
     <span class='ocr_line' id='line_1_37' title="bbox 258 4251 1335 4336; baseline 0.002 -29"><span class='ocrx_word' id='word_1_305' title='bbox 258 4251 333 4324; x_wconf 88' lang='lat' dir='ltr'><strong>quod</strong></span> <span class='ocrx_word' id='word_1_306' title='bbox 357 4257 515 4320; x_wconf 85' lang='lat' dir='ltr'><strong>libertatem</strong></span> <span class='ocrx_word' id='word_1_307' title='bbox 541 4262 922 4331; x_wconf 69' lang='lat' dir='ltr'><strong>immiso-Christianorum</strong></span> <span class='ocrx_word' id='word_1_308' title='bbox 948 4277 967 4324; x_wconf 85' lang='lat' dir='ltr'><strong>a</strong></span> <span class='ocrx_word' id='word_1_309' title='bbox 995 4258 1063 4336; x_wconf 78' lang='lat' dir='ltr'><strong>lega</strong></span> <span class='ocrx_word' id='word_1_310' title='bbox 1090 4257 1170 4317; x_wconf 84' lang='lat' dir='ltr'><strong>Mos.</strong></span> <span class='ocrx_word' id='word_1_311' title='bbox 1195 4259 1335 4316; x_wconf 71' lang='lat' dir='ltr'><strong>limitibus</strong></span> 
     </span>
     <span class='ocr_line' id='line_1_38' title="bbox 258 4361 1335 4440; baseline -0.001 -20"><span class='ocrx_word' id='word_1_312' title='bbox 258 4362 427 4438; x_wconf 84' lang='lat' dir='ltr'><strong>quibusdam</strong></span> <span class='ocrx_word' id='word_1_313' title='bbox 448 4369 608 4440; x_wconf 69' lang='lat' dir='ltr'><strong>coerceret,</strong></span> <span class='ocrx_word' id='word_1_314' title='bbox 630 4378 737 4438; x_wconf 87' lang='lat' dir='ltr'><strong>eosque</strong></span> <span class='ocrx_word' id='word_1_315' title='bbox 757 4379 814 4422; x_wconf 91' lang='lat' dir='ltr'><strong>uon</strong></span> <span class='ocrx_word' id='word_1_316' title='bbox 833 4365 918 4423; x_wconf 88' lang='lat' dir='ltr'><strong>modu</strong></span> <span class='ocrx_word' id='word_1_317' title='bbox 940 4379 1027 4422; x_wconf 86' lang='lat' dir='ltr'><strong>carue</strong></span> <span class='ocrx_word' id='word_1_318' title='bbox 1047 4377 1085 4420; x_wconf 83' lang='lat' dir='ltr'><strong>ex</strong></span> <span class='ocrx_word' id='word_1_319' title='bbox 1104 4361 1234 4420; x_wconf 82' lang='lat' dir='ltr'><strong>victimis</strong></span> <span class='ocrx_word' id='word_1_320' title='bbox 1256 4377 1335 4436; x_wconf 81' lang='lat' dir='ltr'><strong>geu·</strong></span> 
     </span>
    </p>
   </div>
   <div class='ocr_carea' id='block_1_3' title="bbox 0 0 1378 4956">
    <p class='ocr_par' dir='ltr' id='par_1_3' title="bbox 0 0 1378 4956">
     <span class='ocr_line' id='line_1_39' title="bbox 0 0 1378 4956; baseline 0 0"><span class='ocrx_word' id='word_1_321' title='bbox 0 0 1378 4956; x_wconf 95' lang='lat' dir='ltr'><strong> </strong></span> 
     </span>
    </p>
   </div>
  </div>
 </body>
</html>
