<?xml version="1.0" encoding="UTF-8"?>
<!DOCTYPE html PUBLIC "-//W3C//DTD XHTML 1.0 Transitional//EN"
    "http://www.w3.org/TR/xhtml1/DTD/xhtml1-transitional.dtd">
<html xmlns="http://www.w3.org/1999/xhtml" xml:lang="en" lang="en">
 <head>
  <title>
</title>
<meta http-equiv="Content-Type" content="text/html;charset=utf-8" />
  <meta name='ocr-system' content='tesseract 3.04.00' />
  <meta name='ocr-capabilities' content='ocr_page ocr_carea ocr_par ocr_line ocrx_word'/>
</head>
<body>
  <div class='ocr_page' id='page_1' title='image "./epistolaepaulia00schogoog_0631.png"; bbox 0 0 2704 4954; ppageno 0'>
   <div class='ocr_carea' id='block_1_1' title="bbox 253 355 1184 460">
    <p class='ocr_par' dir='ltr' id='par_1_1' title="bbox 253 355 1184 460">
     <span class='ocr_line' id='line_1_1' title="bbox 253 355 1184 460; baseline 0.01 -20"><span class='ocrx_word' id='word_1_1' title='bbox 253 372 409 460; x_wconf 76' lang='lat' dir='ltr'><strong>Epistola</strong></span> <span class='ocrx_word' id='word_1_2' title='bbox 429 374 474 441; x_wconf 72' lang='lat' dir='ltr'><strong>ar</strong></span> <span class='ocrx_word' id='word_1_3' title='bbox 495 374 648 442; x_wconf 64' lang='lat' dir='ltr'><strong>uolatus.</strong></span> <span class='ocrx_word' id='word_1_4' title='bbox 675 374 714 443; x_wconf 90' lang='lat' dir='ltr'><strong>o.</strong></span> <span class='ocrx_word' id='word_1_5' title='bbox 733 355 792 443; x_wconf 81' lang='lat' dir='ltr'><strong>ur.</strong></span> <span class='ocrx_word' id='word_1_6' title='bbox 818 374 860 444; x_wconf 91' lang='lat' dir='ltr'><strong>v.</strong></span> <span class='ocrx_word' id='word_1_7' title='bbox 881 374 1025 444; x_wconf 81' lang='lat' dir='ltr'><strong>s-ro.</strong></span> <span class='ocrx_word' id='word_1_8' title='bbox 1102 376 1184 449; x_wconf 80' lang='lat' dir='ltr'><strong>seo</strong></span> 
     </span>
    </p>
   </div>
   <div class='ocr_carea' id='block_1_2' title="bbox 94 546 1186 4282">
    <p class='ocr_par' dir='ltr' id='par_1_2' title="bbox 94 546 1186 4282">
     <span class='ocr_line' id='line_1_2' title="bbox 109 546 1185 630; baseline 0.007 -21"><span class='ocrx_word' id='word_1_9' title='bbox 109 547 258 626; x_wconf 81' lang='lat' dir='ltr'><strong>termulis,</strong></span> <span class='ocrx_word' id='word_1_10' title='bbox 291 563 366 624; x_wconf 74' lang='lat' dir='ltr'><strong>poue</strong></span> <span class='ocrx_word' id='word_1_11' title='bbox 391 551 478 608; x_wconf 81' lang='lat' dir='ltr'><strong>toton</strong></span> <span class='ocrx_word' id='word_1_12' title='bbox 504 551 571 608; x_wconf 83' lang='lat' dir='ltr'><strong>lere</strong></span> <span class='ocrx_word' id='word_1_13' title='bbox 602 549 690 610; x_wconf 78' lang='lat' dir='ltr'><strong>vitent</strong></span> <span class='ocrx_word' id='word_1_14' title='bbox 718 549 909 613; x_wconf 74' lang='lat' dir='ltr'><strong>Christianum</strong></span> <span class='ocrx_word' id='word_1_15' title='bbox 941 546 993 630; x_wconf 74' lang='lat' dir='ltr'><strong>(is</strong></span> <span class='ocrx_word' id='word_1_16' title='bbox 1026 548 1185 628; x_wconf 74' lang='grc' dir='ltr'><strong>πνεύματι</strong></span> 
     </span>
     <span class='ocr_line' id='line_1_3' title="bbox 108 651 1186 738; baseline 0.006 -29"><span class='ocrx_word' id='word_1_17' title='bbox 108 651 221 728; x_wconf 68' lang='lat' dir='ltr'><strong>nomm)</strong></span> <span class='ocrx_word' id='word_1_18' title='bbox 251 651 290 709; x_wconf 75' lang='lat' dir='ltr'><strong>sd</strong></span> <span class='ocrx_word' id='word_1_19' title='bbox 310 651 449 710; x_wconf 78' lang='lat' dir='ltr'><strong>benetleis</strong></span> <span class='ocrx_word' id='word_1_20' title='bbox 473 651 650 725; x_wconf 86' lang='lat' dir='ltr'><strong>potissimum</strong></span> <span class='ocrx_word' id='word_1_21' title='bbox 669 652 835 712; x_wconf 78' lang='lat' dir='ltr'><strong>doctoribus</strong></span> <span class='ocrx_word' id='word_1_22' title='bbox 862 653 1022 713; x_wconf 71' lang='lat' dir='ltr'><strong>exhibendo</strong></span> <span class='ocrx_word' id='word_1_23' title='bbox 1048 657 1186 738; x_wconf 83' lang='lat' dir='ltr'><strong>retersnt,</strong></span> 
     </span>
     <span class='ocr_line' id='line_1_4' title="bbox 107 752 1185 830; baseline 0.005 -20"><span class='ocrx_word' id='word_1_24' title='bbox 107 752 267 824; x_wconf 75' lang='lat' dir='ltr'><strong>Apostolus</strong></span> <span class='ocrx_word' id='word_1_25' title='bbox 287 768 431 828; x_wconf 83' lang='lat' dir='ltr'><strong>nonquom</strong></span> <span class='ocrx_word' id='word_1_26' title='bbox 452 754 518 812; x_wconf 78' lang='lat' dir='ltr'><strong>olibi</strong></span> <span class='ocrx_word' id='word_1_27' title='bbox 539 770 610 812; x_wconf 87' lang='lat' dir='ltr'><strong>usus</strong></span> <span class='ocrx_word' id='word_1_28' title='bbox 631 758 690 829; x_wconf 87' lang='lat' dir='ltr'><strong>est,</strong></span> <span class='ocrx_word' id='word_1_29' title='bbox 712 769 870 828; x_wconf 71' lang='lat' dir='ltr'><strong>quenquam</strong></span> <span class='ocrx_word' id='word_1_30' title='bbox 891 754 968 830; x_wconf 72' lang='lat' dir='ltr'><strong>lieno</strong></span> <span class='ocrx_word' id='word_1_31' title='bbox 989 755 1185 816; x_wconf 68' lang='lat' dir='ltr'><strong>libemlimern</strong></span> 
     </span>
     <span class='ocr_line' id='line_1_5' title="bbox 107 849 1184 936; baseline 0.006 -26"><span class='ocrx_word' id='word_1_32' title='bbox 107 849 320 911; x_wconf 74' lang='lat' dir='ltr'><strong>commendavit</strong></span> <span class='ocrx_word' id='word_1_33' title='bbox 344 856 372 913; x_wconf 85' lang='lat' dir='ltr'><strong>l.</strong></span> <span class='ocrx_word' id='word_1_34' title='bbox 389 856 474 915; x_wconf 77' lang='lat' dir='ltr'><strong>corr.</strong></span> <span class='ocrx_word' id='word_1_35' title='bbox 493 856 527 934; x_wconf 81' lang='lat'><strong>9,</strong></span> <span class='ocrx_word' id='word_1_36' title='bbox 543 854 574 913; x_wconf 80' lang='lat'><strong>6.</strong></span> <span class='ocrx_word' id='word_1_37' title='bbox 594 871 658 933; x_wconf 77' lang='lat' dir='ltr'><strong>epp.</strong></span> <span class='ocrx_word' id='word_1_38' title='bbox 705 855 772 915; x_wconf 89' lang='lat' dir='ltr'><strong>Nee</strong></span> <span class='ocrx_word' id='word_1_39' title='bbox 792 855 851 914; x_wconf 92' lang='lat' dir='ltr'><strong>ullo</strong></span> <span class='ocrx_word' id='word_1_40' title='bbox 877 860 988 914; x_wconf 78' lang='lat' dir='ltr'><strong>eonstst</strong></span> <span class='ocrx_word' id='word_1_41' title='bbox 1013 857 1184 936; x_wconf 86' lang='lat' dir='ltr'><strong>testimonio,</strong></span> 
     </span>
     <span class='ocr_line' id='line_1_6' title="bbox 106 954 1183 1034; baseline 0.005 -22"><span class='ocrx_word' id='word_1_42' title='bbox 106 954 183 1028; x_wconf 81' lang='lat' dir='ltr'><strong>quod</strong></span> <span class='ocrx_word' id='word_1_43' title='bbox 205 955 333 1014; x_wconf 86' lang='lat' dir='ltr'><strong>nonnulli</strong></span> <span class='ocrx_word' id='word_1_44' title='bbox 353 955 497 1028; x_wconf 79' lang='lat' dir='ltr'><strong>liopplo</strong></span> <span class='ocrx_word' id='word_1_45' title='bbox 523 956 680 1029; x_wconf 74' lang='lat' dir='ltr'><strong>praeeunte</strong></span> <span class='ocrx_word' id='word_1_46' title='bbox 706 958 905 1034; x_wconf 85' lang='lat' dir='ltr'><strong>nonieoerunt,</strong></span> <span class='ocrx_word' id='word_1_47' title='bbox 932 957 1051 1017; x_wconf 71' lang='lat' dir='ltr'><strong>solutos</strong></span> <span class='ocrx_word' id='word_1_48' title='bbox 1077 959 1183 1018; x_wconf 64' lang='lat' dir='ltr'><strong>mmo-</strong></span> 
     </span>
     <span class='ocr_line' id='line_1_7' title="bbox 105 1052 1183 1137; baseline 0.006 -23"><span class='ocrx_word' id='word_1_49' title='bbox 105 1057 176 1114; x_wconf 91' lang='lat' dir='ltr'><strong>dnrn</strong></span> <span class='ocrx_word' id='word_1_50' title='bbox 196 1069 303 1114; x_wconf 79' lang='lat' dir='ltr'><strong>everos</strong></span> <span class='ocrx_word' id='word_1_51' title='bbox 322 1056 408 1114; x_wconf 80' lang='lat' dir='ltr'><strong>imino</strong></span> <span class='ocrx_word' id='word_1_52' title='bbox 431 1052 564 1116; x_wconf 77' lang='lat' dir='ltr'><strong>crudeles</strong></span> <span class='ocrx_word' id='word_1_53' title='bbox 589 1074 624 1117; x_wconf 86' lang='lat' dir='ltr'><strong>se</strong></span> <span class='ocrx_word' id='word_1_54' title='bbox 643 1061 774 1136; x_wconf 75' lang='lat' dir='ltr'>gessisse</span> <span class='ocrx_word' id='word_1_55' title='bbox 800 1074 875 1137; x_wconf 77' lang='lat' dir='ltr'><strong>ergo</strong></span> <span class='ocrx_word' id='word_1_56' title='bbox 899 1060 1043 1119; x_wconf 80' lang='lat' dir='ltr'><strong>doctores</strong></span> <span class='ocrx_word' id='word_1_57' title='bbox 1092 1060 1183 1121; x_wconf 84' lang='lat' dir='ltr'><strong>Immo</strong></span> 
     </span>
     <span class='ocr_line' id='line_1_8' title="bbox 104 1157 1183 1238; baseline 0.007 -24"><span class='ocrx_word' id='word_1_58' title='bbox 104 1158 198 1216; x_wconf 81' lang='lat' dir='ltr'><strong>verbe</strong></span> <span class='ocrx_word' id='word_1_59' title='bbox 222 1173 251 1216; x_wconf 82' lang='lat' dir='ltr'><strong>v.</strong></span> <span class='ocrx_word' id='word_1_60' title='bbox 273 1157 301 1216; x_wconf 85' lang='lat' dir='ltr'><strong>e.</strong></span> <span class='ocrx_word' id='word_1_61' title='bbox 329 1174 365 1216; x_wconf 90' lang='lat' dir='ltr'><strong>eo</strong></span> <span class='ocrx_word' id='word_1_62' title='bbox 385 1174 474 1217; x_wconf 87' lang='lat' dir='ltr'><strong>sensu</strong></span> <span class='ocrx_word' id='word_1_63' title='bbox 496 1175 579 1232; x_wconf 85' lang='lat' dir='ltr'><strong>quern</strong></span> <span class='ocrx_word' id='word_1_64' title='bbox 600 1175 688 1232; x_wconf 80' lang='lat' dir='ltr'><strong>supro</strong></span> <span class='ocrx_word' id='word_1_65' title='bbox 707 1161 898 1237; x_wconf 80' lang='lat' dir='ltr'><strong>explicuimus</strong></span> <span class='ocrx_word' id='word_1_66' title='bbox 917 1162 1062 1221; x_wconf 82' lang='lat' dir='ltr'><strong>lntosseete</strong></span> <span class='ocrx_word' id='word_1_67' title='bbox 1082 1178 1183 1238; x_wconf 84' lang='lat' dir='ltr'><strong>oppo-</strong></span> 
     </span>
     <span class='ocr_line' id='line_1_9' title="bbox 103 1255 1182 1342; baseline 0.006 -24"><span class='ocrx_word' id='word_1_68' title='bbox 103 1265 224 1318; x_wconf 79' lang='lat' dir='ltr'><strong>nuntor</strong></span> <span class='ocrx_word' id='word_1_69' title='bbox 243 1257 284 1318; x_wconf 89' lang='lat' dir='ltr'><strong>illi</strong></span> <span class='ocrx_word' id='word_1_70' title='bbox 308 1258 354 1337; x_wconf 84' lang='lat' dir='ltr'><strong>(v.</strong></span> <span class='ocrx_word' id='word_1_71' title='bbox 367 1257 416 1336; x_wconf 78' lang='lat' dir='ltr'><strong>d.)</strong></span> <span class='ocrx_word' id='word_1_72' title='bbox 438 1255 594 1339; x_wconf 77' lang='grc' dir='ltr'><strong><em>καύχημα</em></strong></span> <span class='ocrx_word' id='word_1_73' title='bbox 613 1255 700 1342; x_wconf 67' lang='grc' dir='ltr'><strong><em>ἔχειν</em></strong></span> <span class='ocrx_word' id='word_1_74' title='bbox 721 1259 764 1330; x_wconf 73' lang='grc' dir='ltr'><strong>εἰς</strong></span> <span class='ocrx_word' id='word_1_75' title='bbox 785 1257 844 1324; x_wconf 73' lang='grc' dir='ltr'><strong>τᾶν</strong></span> <span class='ocrx_word' id='word_1_76' title='bbox 864 1261 978 1340; x_wconf 77' lang='grc' dir='ltr'><strong>ἕτερον.</strong></span> <span class='ocrx_word' id='word_1_77' title='bbox 1029 1261 1093 1332; x_wconf 75' lang='lat' dir='ltr'><strong>Quo</strong></span> <span class='ocrx_word' id='word_1_78' title='bbox 1114 1265 1182 1339; x_wconf 87' lang='lat' dir='ltr'><strong>qni-</strong></span> 
     </span>
     <span class='ocr_line' id='line_1_10' title="bbox 103 1361 1180 1439; baseline 0.005 -19"><span class='ocrx_word' id='word_1_79' title='bbox 103 1362 173 1420; x_wconf 89' lang='lat' dir='ltr'><strong>dern</strong></span> <span class='ocrx_word' id='word_1_80' title='bbox 192 1361 324 1433; x_wconf 87' lang='lat' dir='ltr'><strong>opposito</strong></span> <span class='ocrx_word' id='word_1_81' title='bbox 345 1361 489 1421; x_wconf 83' lang='lat' dir='ltr'><strong>enuntiate</strong></span> <span class='ocrx_word' id='word_1_82' title='bbox 509 1365 588 1422; x_wconf 81' lang='lat' dir='ltr'><strong>redit</strong></span> <span class='ocrx_word' id='word_1_83' title='bbox 610 1362 768 1436; x_wconf 79' lang='lat' dir='ltr'><strong>Apostolus</strong></span> <span class='ocrx_word' id='word_1_84' title='bbox 788 1381 817 1424; x_wconf 82' lang='lat' dir='ltr'><strong>v.</strong></span> <span class='ocrx_word' id='word_1_85' title='bbox 831 1364 860 1423; x_wconf 97' lang='grc'><strong>7.</strong></span> <span class='ocrx_word' id='word_1_86' title='bbox 881 1380 942 1439; x_wconf 82' lang='lat' dir='ltr'><strong>sqq.</strong></span> <span class='ocrx_word' id='word_1_87' title='bbox 963 1362 1001 1424; x_wconf 82' lang='lat' dir='ltr'><strong>sd</strong></span> <span class='ocrx_word' id='word_1_88' title='bbox 1023 1379 1087 1424; x_wconf 84' lang='lat' dir='ltr'><strong>eunt</strong></span> <span class='ocrx_word' id='word_1_89' title='bbox 1107 1381 1180 1425; x_wconf 85' lang='lat' dir='ltr'><strong>seu-</strong></span> 
     </span>
     <span class='ocr_line' id='line_1_11' title="bbox 102 1461 1181 1542; baseline 0.005 -21"><span class='ocrx_word' id='word_1_90' title='bbox 102 1464 259 1521; x_wconf 85' lang='lat' dir='ltr'><strong>tentinrurn</strong></span> <span class='ocrx_word' id='word_1_91' title='bbox 281 1465 403 1539; x_wconf 84' lang='lat' dir='ltr'><strong>seriem,</strong></span> <span class='ocrx_word' id='word_1_92' title='bbox 426 1479 511 1537; x_wconf 82' lang='lat' dir='ltr'><strong>quem</strong></span> <span class='ocrx_word' id='word_1_93' title='bbox 531 1478 561 1519; x_wconf 83' lang='lat' dir='ltr'><strong>v.</strong></span> <span class='ocrx_word' id='word_1_94' title='bbox 582 1462 613 1522; x_wconf 79' lang='grc'><strong>3.</strong></span> <span class='ocrx_word' id='word_1_95' title='bbox 633 1461 662 1522; x_wconf 85' lang='lat' dir='ltr'><strong>t.</strong></span> <span class='ocrx_word' id='word_1_96' title='bbox 683 1463 715 1526; x_wconf 72' lang='grc' dir='ltr'><strong>ὅ.</strong></span> <span class='ocrx_word' id='word_1_97' title='bbox 738 1465 937 1542; x_wconf 73' lang='lat' dir='ltr'><strong>eognovimus.</strong></span> <span class='ocrx_word' id='word_1_98' title='bbox 979 1466 1032 1525; x_wconf 82' lang='lat' dir='ltr'><strong>Sis</strong></span> <span class='ocrx_word' id='word_1_99' title='bbox 1052 1481 1181 1527; x_wconf 64' lang='lat' dir='ltr'><strong>evena-</strong></span> 
     </span>
     <span class='ocr_line' id='line_1_12' title="bbox 102 1564 1179 1643; baseline 0.005 -19"><span class='ocrx_word' id='word_1_100' title='bbox 102 1569 176 1624; x_wconf 87' lang='lat' dir='ltr'><strong>eunt</strong></span> <span class='ocrx_word' id='word_1_101' title='bbox 195 1564 388 1643; x_wconf 76' lang='lat' dir='ltr'><strong>difficultates,</strong></span> <span class='ocrx_word' id='word_1_102' title='bbox 407 1582 480 1640; x_wconf 83' lang='lat' dir='ltr'><strong>ques</strong></span> <span class='ocrx_word' id='word_1_103' title='bbox 497 1565 609 1626; x_wconf 86' lang='lat' dir='ltr'><strong>initiunt</strong></span> <span class='ocrx_word' id='word_1_104' title='bbox 624 1565 773 1626; x_wconf 80' lang='lat' dir='ltr'><strong>commotis</strong></span> <span class='ocrx_word' id='word_1_105' title='bbox 794 1566 824 1625; x_wconf 94' lang='grc'><strong>7.</strong></span> <span class='ocrx_word' id='word_1_106' title='bbox 845 1567 1036 1627; x_wconf 82' lang='lat' dir='ltr'><strong>Rdekerto</strong></span> <span class='ocrx_word' id='word_1_107' title='bbox 1058 1568 1179 1643; x_wconf 77' lang='lat' dir='ltr'><strong>aliisque</strong></span> 
     </span>
     <span class='ocr_line' id='line_1_13' title="bbox 94 1661 1180 1747; baseline 0.002 -20"><span class='ocrx_word' id='word_1_108' title='bbox 94 1665 305 1740; x_wconf 80' lang='lat' dir='ltr'><strong>interpretibus</strong></span> <span class='ocrx_word' id='word_1_109' title='bbox 325 1668 443 1741; x_wconf 79' lang='lat' dir='ltr'><strong>peperit.</strong></span> <span class='ocrx_word' id='word_1_110' title='bbox 484 1669 525 1727; x_wconf 84' lang='lat' dir='ltr'><strong>V.</strong></span> <span class='ocrx_word' id='word_1_111' title='bbox 545 1668 574 1727; x_wconf 95' lang='grc'><strong>7.</strong></span> <span class='ocrx_word' id='word_1_112' title='bbox 597 1661 663 1747; x_wconf 69' lang='grc' dir='ltr'><strong>Μὴ</strong></span> <span class='ocrx_word' id='word_1_113' title='bbox 688 1667 900 1728; x_wconf 74' lang='grc' dir='ltr'><strong>πλανᾶσθε</strong></span> <span class='ocrx_word' id='word_1_114' title='bbox 920 1672 977 1728; x_wconf 89' lang='lat' dir='ltr'><strong>ete.</strong></span> <span class='ocrx_word' id='word_1_115' title='bbox 1017 1669 1180 1729; x_wconf 74' lang='lat' dir='ltr'><strong>Familiaris</strong></span> 
     </span>
     <span class='ocr_line' id='line_1_14' title="bbox 97 1763 1178 1850; baseline 0 -21"><span class='ocrx_word' id='word_1_116' title='bbox 97 1773 150 1829; x_wconf 84' lang='lat' dir='ltr'><strong>est</strong></span> <span class='ocrx_word' id='word_1_117' title='bbox 168 1769 293 1829; x_wconf 86' lang='lat' dir='ltr'><strong>sermoni</strong></span> <span class='ocrx_word' id='word_1_118' title='bbox 308 1767 513 1842; x_wconf 83' lang='lat' dir='ltr'><strong>Apostolorum</strong></span> <span class='ocrx_word' id='word_1_119' title='bbox 529 1772 612 1829; x_wconf 81' lang='lat' dir='ltr'><strong>iorni.</strong></span> <span class='ocrx_word' id='word_1_120' title='bbox 633 1763 681 1850; x_wconf 72' lang='grc' dir='ltr'><strong>μὴ</strong></span> <span class='ocrx_word' id='word_1_121' title='bbox 706 1769 892 1829; x_wconf 65' lang='grc' dir='ltr'><strong>πλανᾶσθε.</strong></span> <span class='ocrx_word' id='word_1_122' title='bbox 914 1785 953 1828; x_wconf 83' lang='lat' dir='ltr'><strong>ne</strong></span> <span class='ocrx_word' id='word_1_123' title='bbox 974 1773 1178 1850; x_wconf 72' lang='lat' dir='ltr'><strong>decipiamini,</strong></span> 
     </span>
     <span class='ocr_line' id='line_1_15' title="bbox 98 1868 1177 1949; baseline 0.004 -21"><span class='ocrx_word' id='word_1_124' title='bbox 98 1868 154 1929; x_wconf 84' lang='lat' dir='ltr'><strong>uhi</strong></span> <span class='ocrx_word' id='word_1_125' title='bbox 180 1886 246 1929; x_wconf 85' lang='lat' dir='ltr'><strong>eum</strong></span> <span class='ocrx_word' id='word_1_126' title='bbox 277 1871 423 1948; x_wconf 66' lang='lat' dir='ltr'><strong>portule</strong></span> <span class='ocrx_word' id='word_1_127' title='bbox 448 1870 589 1947; x_wconf 78' lang='lat' dir='ltr'><strong>singulnrl</strong></span> <span class='ocrx_word' id='word_1_128' title='bbox 615 1871 783 1929; x_wconf 75' lang='lat' dir='ltr'><strong>seutentiam</strong></span> <span class='ocrx_word' id='word_1_129' title='bbox 809 1868 980 1929; x_wconf 76' lang='lat' dir='ltr'><strong>enuntieturi</strong></span> <span class='ocrx_word' id='word_1_130' title='bbox 1007 1878 1088 1949; x_wconf 89' lang='lat' dir='ltr'><strong>snot,</strong></span> <span class='ocrx_word' id='word_1_131' title='bbox 1119 1885 1177 1948; x_wconf 76' lang='lat' dir='ltr'><strong>que</strong></span> 
     </span>
     <span class='ocr_line' id='line_1_16' title="bbox 96 1969 1178 2050; baseline 0.003 -20"><span class='ocrx_word' id='word_1_132' title='bbox 96 1973 226 2030; x_wconf 81' lang='lat' dir='ltr'><strong>lectores</strong></span> <span class='ocrx_word' id='word_1_133' title='bbox 257 1977 415 2031; x_wconf 81' lang='lat' dir='ltr'><strong>eveoeotur</strong></span> <span class='ocrx_word' id='word_1_134' title='bbox 442 1978 470 2033; x_wconf 88' lang='lat' dir='ltr'><strong>et</strong></span> <span class='ocrx_word' id='word_1_135' title='bbox 499 1973 699 2031; x_wconf 74' lang='lat' dir='ltr'><strong>deterreantur</strong></span> <span class='ocrx_word' id='word_1_136' title='bbox 731 1969 768 2029; x_wconf 80' lang='lat' dir='ltr'><strong>ob</strong></span> <span class='ocrx_word' id='word_1_137' title='bbox 794 1985 895 2030; x_wconf 84' lang='lat' dir='ltr'><strong>errore</strong></span> <span class='ocrx_word' id='word_1_138' title='bbox 920 1973 1096 2050; x_wconf 86' lang='lat' dir='ltr'><strong>pernicioso,</strong></span> <span class='ocrx_word' id='word_1_139' title='bbox 1128 1973 1178 2032; x_wconf 89' lang='lat' dir='ltr'><strong>oni</strong></span> 
     </span>
     <span class='ocr_line' id='line_1_17' title="bbox 96 2071 1176 2154; baseline 0.003 -22"><span class='ocrx_word' id='word_1_140' title='bbox 96 2071 192 2132; x_wconf 79' lang='lat' dir='ltr'><strong>rneile</strong></span> <span class='ocrx_word' id='word_1_141' title='bbox 222 2071 334 2146; x_wconf 82' lang='lat' dir='ltr'><strong>possint</strong></span> <span class='ocrx_word' id='word_1_142' title='bbox 359 2073 527 2150; x_wconf 82' lang='lat' dir='ltr'><strong>indulgere,</strong></span> <span class='ocrx_word' id='word_1_143' title='bbox 564 2072 594 2133; x_wconf 83' lang='grc' dir='ltr'><strong>Ι.</strong></span> <span class='ocrx_word' id='word_1_144' title='bbox 611 2076 696 2134; x_wconf 68' lang='lat' dir='ltr'><strong>Gerr.</strong></span> <span class='ocrx_word' id='word_1_145' title='bbox 715 2075 749 2151; x_wconf 78' lang='grc'><strong>6,</strong></span> <span class='ocrx_word' id='word_1_146' title='bbox 766 2074 798 2132; x_wconf 80' lang='grc'><strong>9.</strong></span> <span class='ocrx_word' id='word_1_147' title='bbox 817 2075 872 2153; x_wconf 78' lang='grc'><strong>15,</strong></span> <span class='ocrx_word' id='word_1_148' title='bbox 890 2076 943 2134; x_wconf 81' lang='lat'><strong>33.</strong></span> <span class='ocrx_word' id='word_1_149' title='bbox 975 2073 1005 2135; x_wconf 83' lang='lat'><strong>1.</strong></span> <span class='ocrx_word' id='word_1_150' title='bbox 1023 2077 1074 2134; x_wconf 84' lang='lat' dir='ltr'><strong>Jo.</strong></span> <span class='ocrx_word' id='word_1_151' title='bbox 1094 2077 1128 2154; x_wconf 81' lang='lat'><strong>3,</strong></span> <span class='ocrx_word' id='word_1_152' title='bbox 1144 2079 1176 2135; x_wconf 92' lang='grc'><strong>7.</strong></span> 
     </span>
     <span class='ocr_line' id='line_1_18' title="bbox 97 2169 1176 2255; baseline -0.001 -20"><span class='ocrx_word' id='word_1_153' title='bbox 97 2175 171 2235; x_wconf 81' lang='lat' dir='ltr'><strong>Jee.</strong></span> <span class='ocrx_word' id='word_1_154' title='bbox 186 2176 220 2255; x_wconf 88' lang='grc'><strong>1,</strong></span> <span class='ocrx_word' id='word_1_155' title='bbox 231 2169 283 2234; x_wconf 82' lang='lat' dir='ltr'><strong>ie.</strong></span> <span class='ocrx_word' id='word_1_156' title='bbox 326 2175 496 2233; x_wconf 76' lang='lat' dir='ltr'><strong>Cavendum</strong></span> <span class='ocrx_word' id='word_1_157' title='bbox 516 2187 583 2232; x_wconf 87' lang='lat' dir='ltr'><strong>esse</strong></span> <span class='ocrx_word' id='word_1_158' title='bbox 604 2173 690 2234; x_wconf 81' lang='lat' dir='ltr'><strong>docet</strong></span> <span class='ocrx_word' id='word_1_159' title='bbox 705 2177 737 2246; x_wconf 75' lang='grc' dir='ltr'><strong>Ρ.</strong></span> <span class='ocrx_word' id='word_1_160' title='bbox 759 2191 795 2234; x_wconf 91' lang='lat' dir='ltr'><strong>ne</strong></span> <span class='ocrx_word' id='word_1_161' title='bbox 816 2175 880 2250; x_wconf 86' lang='lat' dir='ltr'><strong>quis</strong></span> <span class='ocrx_word' id='word_1_162' title='bbox 900 2175 1017 2248; x_wconf 87' lang='lat' dir='ltr'><strong>seipse</strong></span> <span class='ocrx_word' id='word_1_163' title='bbox 1038 2175 1176 2254; x_wconf 82' lang='lat' dir='ltr'><strong>deoipist,</strong></span> 
     </span>
     <span class='ocr_line' id='line_1_19' title="bbox 98 2259 1176 2356; baseline 0.003 -22"><span class='ocrx_word' id='word_1_164' title='bbox 98 2293 190 2352; x_wconf 86' lang='lat' dir='ltr'><strong>quum</strong></span> <span class='ocrx_word' id='word_1_165' title='bbox 217 2292 271 2335; x_wconf 80' lang='lat' dir='ltr'><strong>sue</strong></span> <span class='ocrx_word' id='word_1_166' title='bbox 297 2274 404 2337; x_wconf 65' lang='lat' dir='ltr'><strong>sinuo</strong></span> <span class='ocrx_word' id='word_1_167' title='bbox 430 2272 578 2351; x_wconf 81' lang='lat' dir='ltr'><strong>superbiet</strong></span> <span class='ocrx_word' id='word_1_168' title='bbox 605 2278 652 2354; x_wconf 83' lang='lat' dir='ltr'><strong>(v.</strong></span> <span class='ocrx_word' id='word_1_169' title='bbox 673 2273 704 2334; x_wconf 79' lang='lat' dir='ltr'><strong>d.</strong></span> <span class='ocrx_word' id='word_1_170' title='bbox 725 2273 792 2356; x_wconf 74' lang='grc'><strong>6.),</strong></span> <span class='ocrx_word' id='word_1_171' title='bbox 817 2277 856 2337; x_wconf 92' lang='lat' dir='ltr'><strong>de</strong></span> <span class='ocrx_word' id='word_1_172' title='bbox 881 2275 961 2335; x_wconf 85' lang='lat' dir='ltr'><strong>vittis</strong></span> <span class='ocrx_word' id='word_1_173' title='bbox 986 2277 1047 2336; x_wconf 87' lang='lat' dir='ltr'><strong>suis</strong></span> <span class='ocrx_word' id='word_1_174' title='bbox 1073 2259 1176 2351; x_wconf 82' lang='lat' dir='ltr'><strong>perum</strong></span> 
     </span>
     <span class='ocr_line' id='line_1_20' title="bbox 99 2375 1178 2456; baseline 0.004 -22"><span class='ocrx_word' id='word_1_175' title='bbox 99 2375 211 2435; x_wconf 86' lang='lat' dir='ltr'><strong>nihilve</strong></span> <span class='ocrx_word' id='word_1_176' title='bbox 232 2375 355 2454; x_wconf 82' lang='lat' dir='ltr'><strong>cogitet,</strong></span> <span class='ocrx_word' id='word_1_177' title='bbox 380 2379 473 2451; x_wconf 85' lang='lat' dir='ltr'><strong>iisque</strong></span> <span class='ocrx_word' id='word_1_178' title='bbox 498 2393 584 2450; x_wconf 90' lang='lat' dir='ltr'><strong>porro</strong></span> <span class='ocrx_word' id='word_1_179' title='bbox 605 2377 773 2456; x_wconf 76' lang='lat' dir='ltr'><strong>indulgeat,</strong></span> <span class='ocrx_word' id='word_1_180' title='bbox 800 2393 922 2437; x_wconf 70' lang='lat' dir='ltr'><strong>murus</strong></span> <span class='ocrx_word' id='word_1_181' title='bbox 946 2377 1178 2439; x_wconf 70' lang='lat' dir='ltr'><strong>sdmedverslo·</strong></span> 
     </span>
     <span class='ocr_line' id='line_1_21' title="bbox 105 2473 1175 2557; baseline 0.005 -22"><span class='ocrx_word' id='word_1_182' title='bbox 105 2473 152 2535; x_wconf 84' lang='lat' dir='ltr'><strong>nis</strong></span> <span class='ocrx_word' id='word_1_183' title='bbox 171 2477 292 2538; x_wconf 76' lang='lat' dir='ltr'><strong>divinoe.</strong></span> <span class='ocrx_word' id='word_1_184' title='bbox 334 2478 420 2537; x_wconf 75' lang='lat' dir='ltr'><strong>Deris</strong></span> <span class='ocrx_word' id='word_1_185' title='bbox 442 2477 557 2557; x_wconf 79' lang='lat' dir='ltr'><strong>(odiit)</strong></span> <span class='ocrx_word' id='word_1_186' title='bbox 577 2480 633 2539; x_wconf 78' lang='lat' dir='ltr'><strong>siti</strong></span> <span class='ocrx_word' id='word_1_187' title='bbox 653 2481 740 2538; x_wconf 84' lang='lat' dir='ltr'><strong>illudi</strong></span> <span class='ocrx_word' id='word_1_188' title='bbox 759 2495 823 2538; x_wconf 82' lang='lat' dir='ltr'><strong>noo</strong></span> <span class='ocrx_word' id='word_1_189' title='bbox 839 2483 966 2555; x_wconf 87' lang='lat' dir='ltr'><strong>potitur.</strong></span> <span class='ocrx_word' id='word_1_190' title='bbox 1013 2481 1058 2541; x_wconf 91' lang='lat' dir='ltr'><strong><em>M</em></strong></span> <span class='ocrx_word' id='word_1_191' title='bbox 1063 2497 1175 2556; x_wconf 73' lang='grc' dir='ltr'><em>υκτη·</em></span> 
     </span>
     <span class='ocr_line' id='line_1_22' title="bbox 103 2569 1175 2659; baseline 0.003 -22"><span class='ocrx_word' id='word_1_192' title='bbox 103 2574 226 2658; x_wconf 71' lang='grc' dir='ltr'><strong><em>ρίζειν</em></strong></span> <span class='ocrx_word' id='word_1_193' title='bbox 254 2579 300 2658; x_wconf 76' lang='lat' dir='ltr'><strong>(lu</strong></span> <span class='ocrx_word' id='word_1_194' title='bbox 324 2579 364 2640; x_wconf 85' lang='grc' dir='ltr'><strong>Ν.</strong></span> <span class='ocrx_word' id='word_1_195' title='bbox 384 2579 420 2638; x_wconf 69' lang='grc' dir='ltr'><strong>Ε.</strong></span> <span class='ocrx_word' id='word_1_196' title='bbox 450 2569 543 2655; x_wconf 76' lang='grc' dir='ltr'><strong>ἅπαξ</strong></span> <span class='ocrx_word' id='word_1_197' title='bbox 568 2574 759 2659; x_wconf 74' lang='grc' dir='ltr'>λεγόμενον)</span> <span class='ocrx_word' id='word_1_198' title='bbox 786 2597 831 2653; x_wconf 84' lang='lat' dir='ltr'><strong>pr.</strong></span> <span class='ocrx_word' id='word_1_199' title='bbox 863 2594 935 2638; x_wconf 73' lang='lat' dir='ltr'><strong>noso</strong></span> <span class='ocrx_word' id='word_1_200' title='bbox 961 2582 1077 2640; x_wconf 71' lang='lat' dir='ltr'><strong>edum</strong></span> <span class='ocrx_word' id='word_1_201' title='bbox 1102 2595 1175 2640; x_wconf 83' lang='lat' dir='ltr'><strong>sus·</strong></span> 
     </span>
     <span class='ocr_line' id='line_1_23' title="bbox 98 2680 1176 2759; baseline 0.007 -21"><span class='ocrx_word' id='word_1_202' title='bbox 98 2681 243 2759; x_wconf 88' lang='lat' dir='ltr'><strong>pendere,</strong></span> <span class='ocrx_word' id='word_1_203' title='bbox 267 2681 404 2741; x_wconf 82' lang='lat' dir='ltr'><strong>universe</strong></span> <span class='ocrx_word' id='word_1_204' title='bbox 422 2680 444 2740; x_wconf 78' lang='lat' dir='ltr'><strong>i</strong></span> <span class='ocrx_word' id='word_1_205' title='bbox 465 2699 491 2757; x_wconf 82' lang='lat' dir='ltr'><strong>q.</strong></span> <span class='ocrx_word' id='word_1_206' title='bbox 519 2681 653 2740; x_wconf 88' lang='lat' dir='ltr'><strong>deridere</strong></span> <span class='ocrx_word' id='word_1_207' title='bbox 673 2681 811 2758; x_wconf 69' lang='lat' dir='ltr'><strong>aliquem,</strong></span> <span class='ocrx_word' id='word_1_208' title='bbox 832 2683 949 2740; x_wconf 69' lang='lat' dir='ltr'><strong>Sextus</strong></span> <span class='ocrx_word' id='word_1_209' title='bbox 970 2683 1086 2758; x_wconf 64' lang='lat' dir='ltr'><strong>sirpe.</strong></span> <span class='ocrx_word' id='word_1_210' title='bbox 1108 2687 1176 2746; x_wconf 78' lang='lat' dir='ltr'><strong>ude.</strong></span> 
     </span>
     <span class='ocr_line' id='line_1_24' title="bbox 95 2782 1176 2866; baseline 0.003 -24"><span class='ocrx_word' id='word_1_211' title='bbox 95 2797 225 2858; x_wconf 76' lang='lat' dir='ltr'><strong>praem.</strong></span> <span class='ocrx_word' id='word_1_212' title='bbox 247 2798 272 2843; x_wconf 86' lang='lat' dir='ltr'><strong>e.</strong></span> <span class='ocrx_word' id='word_1_213' title='bbox 289 2785 340 2843; x_wconf 89' lang='lat'><strong>10.</strong></span> <span class='ocrx_word' id='word_1_214' title='bbox 366 2782 394 2844; x_wconf 81' lang='grc' dir='ltr'><strong>Ι.</strong></span> <span class='ocrx_word' id='word_1_215' title='bbox 406 2785 561 2844; x_wconf 78' lang='lat' dir='ltr'><strong>Maeonii.</strong></span> <span class='ocrx_word' id='word_1_216' title='bbox 575 2786 611 2862; x_wconf 83' lang='grc'><strong>7,</strong></span> <span class='ocrx_word' id='word_1_217' title='bbox 625 2785 684 2843; x_wconf 77' lang='grc'><strong>34.</strong></span> <span class='ocrx_word' id='word_1_218' title='bbox 705 2784 802 2844; x_wconf 75' lang='lat' dir='ltr'><em>LXX.</em></span> <span class='ocrx_word' id='word_1_219' title='bbox 830 2783 989 2843; x_wconf 66' lang='lat' dir='ltr'><strong>Prenntt.</strong></span> <span class='ocrx_word' id='word_1_220' title='bbox 1001 2785 1036 2864; x_wconf 88' lang='lat'><strong>1,</strong></span> <span class='ocrx_word' id='word_1_221' title='bbox 1053 2786 1107 2843; x_wconf 77' lang='grc'><strong>30.</strong></span> <span class='ocrx_word' id='word_1_222' title='bbox 1119 2787 1176 2866; x_wconf 73' lang='grc'><strong>16,</strong></span> 
     </span>
     <span class='ocr_line' id='line_1_25' title="bbox 99 2880 1176 2976; baseline 0.002 -32"><span class='ocrx_word' id='word_1_223' title='bbox 99 2885 199 2944; x_wconf 68' lang='grc' dir='ltr'><strong>ΜΟ.</strong></span> <span class='ocrx_word' id='word_1_224' title='bbox 225 2887 338 2945; x_wconf 71' lang='lat' dir='ltr'><strong>Jereou</strong></span> <span class='ocrx_word' id='word_1_225' title='bbox 348 2886 404 2964; x_wconf 75' lang='lat'><strong>20,</strong></span> <span class='ocrx_word' id='word_1_226' title='bbox 416 2887 448 2944; x_wconf 84' lang='grc'><strong>7.</strong></span> <span class='ocrx_word' id='word_1_227' title='bbox 474 2883 570 2944; x_wconf 85' lang='lat' dir='ltr'><strong>hebrr.</strong></span> <span class='ocrx_word' id='word_1_228' title='bbox 601 2896 681 2976; x_wconf 51' lang='grc' dir='ltr'><strong>ἵης,</strong></span> <span class='ocrx_word' id='word_1_229' title='bbox 705 2880 778 2967; x_wconf 58' lang='grc' dir='ltr'><strong>αξξ,</strong></span> <span class='ocrx_word' id='word_1_230' title='bbox 807 2897 881 2976; x_wconf 55' lang='lat' dir='ltr'><strong>pipp.</strong></span> <span class='ocrx_word' id='word_1_231' title='bbox 922 2886 1012 2959; x_wconf 82' lang='lat' dir='ltr'><strong>Apud</strong></span> <span class='ocrx_word' id='word_1_232' title='bbox 1035 2888 1176 2958; x_wconf 69' lang='lat' dir='ltr'><strong>perimet.</strong></span> 
     </span>
     <span class='ocr_line' id='line_1_26' title="bbox 98 2985 1175 3071; baseline 0.002 -26"><span class='ocrx_word' id='word_1_233' title='bbox 98 2988 194 3071; x_wconf 74' lang='lat' dir='ltr'><strong>instit.</strong></span> <span class='ocrx_word' id='word_1_234' title='bbox 216 2989 293 3048; x_wconf 82' lang='lat' dir='ltr'><strong>oroi.</strong></span> <span class='ocrx_word' id='word_1_235' title='bbox 318 2986 463 3067; x_wconf 64' lang='lat' dir='ltr'><strong>VHM,</strong></span> <span class='ocrx_word' id='word_1_236' title='bbox 489 2990 527 3062; x_wconf 71' lang='lat' dir='ltr'><strong>s.</strong></span> <span class='ocrx_word' id='word_1_237' title='bbox 542 2988 594 3046; x_wconf 79' lang='lat'><strong>69.</strong></span> <span class='ocrx_word' id='word_1_238' title='bbox 615 2989 661 3045; x_wconf 89' lang='lat' dir='ltr'><strong>ed.</strong></span> <span class='ocrx_word' id='word_1_239' title='bbox 678 2987 772 3044; x_wconf 77' lang='lat' dir='ltr'><strong>Wolf.</strong></span> <span class='ocrx_word' id='word_1_240' title='bbox 793 2987 878 3044; x_wconf 81' lang='lat' dir='ltr'><strong>&#39;l&#39;.ll.</strong></span> <span class='ocrx_word' id='word_1_241' title='bbox 905 3001 933 3059; x_wconf 89' lang='lat' dir='ltr'><strong>p.</strong></span> <span class='ocrx_word' id='word_1_242' title='bbox 950 2985 1022 3044; x_wconf 78' lang='lat' dir='ltr'><strong>m.</strong></span> <span class='ocrx_word' id='word_1_243' title='bbox 1049 3006 1175 3069; x_wconf 78' lang='grc' dir='ltr'><strong><em>μυκτη-</em></strong></span> 
     </span>
     <span class='ocr_line' id='line_1_27' title="bbox 98 3082 1176 3170; baseline 0 -23"><span class='ocrx_word' id='word_1_244' title='bbox 98 3082 221 3170; x_wconf 79' lang='grc' dir='ltr'><strong><em>ρισμὸς</em></strong></span> <span class='ocrx_word' id='word_1_245' title='bbox 241 3089 388 3147; x_wconf 87' lang='lat' dir='ltr'><strong>delinitur:</strong></span> <span class='ocrx_word' id='word_1_246' title='bbox 417 3089 611 3147; x_wconf 70' lang='lat' dir='ltr'><strong>dissimulatus</strong></span> <span class='ocrx_word' id='word_1_247' title='bbox 638 3088 754 3163; x_wconf 80' lang='lat' dir='ltr'><strong>quidem</strong></span> <span class='ocrx_word' id='word_1_248' title='bbox 774 3089 826 3146; x_wconf 89' lang='lat' dir='ltr'><strong>sed</strong></span> <span class='ocrx_word' id='word_1_249' title='bbox 854 3102 910 3146; x_wconf 88' lang='lat' dir='ltr'><strong>non</strong></span> <span class='ocrx_word' id='word_1_250' title='bbox 935 3089 1027 3147; x_wconf 86' lang='lat' dir='ltr'><strong>letens</strong></span> <span class='ocrx_word' id='word_1_251' title='bbox 1052 3088 1176 3147; x_wconf 70' lang='lat' dir='ltr'><strong>dedens.</strong></span> 
     </span>
     <span class='ocr_line' id='line_1_28' title="bbox 97 3181 1173 3272; baseline -0.003 -22"><span class='ocrx_word' id='word_1_252' title='bbox 97 3192 182 3250; x_wconf 82' lang='lat' dir='ltr'><strong>Dens</strong></span> <span class='ocrx_word' id='word_1_253' title='bbox 206 3188 279 3267; x_wconf 80' lang='lat' dir='ltr'><strong>(eit)</strong></span> <span class='ocrx_word' id='word_1_254' title='bbox 302 3207 359 3250; x_wconf 91' lang='lat' dir='ltr'><strong>noo</strong></span> <span class='ocrx_word' id='word_1_255' title='bbox 380 3192 532 3266; x_wconf 89' lang='lat' dir='ltr'><strong>permittit,</strong></span> <span class='ocrx_word' id='word_1_256' title='bbox 551 3195 583 3249; x_wconf 91' lang='lat' dir='ltr'><strong>ut</strong></span> <span class='ocrx_word' id='word_1_257' title='bbox 602 3189 657 3249; x_wconf 86' lang='lat' dir='ltr'><strong>sibi</strong></span> <span class='ocrx_word' id='word_1_258' title='bbox 677 3189 830 3248; x_wconf 69' lang='lat' dir='ltr'><strong>irrideatur</strong></span> <span class='ocrx_word' id='word_1_259' title='bbox 851 3190 1105 3266; x_wconf 68' lang='lat' dir='ltr'><strong>(quemadmodum</strong></span> <span class='ocrx_word' id='word_1_260' title='bbox 1125 3181 1173 3272; x_wconf 70' lang='grc' dir='ltr'><strong>μὴ</strong></span> 
     </span>
     <span class='ocr_line' id='line_1_29' title="bbox 100 3285 1175 3372; baseline -0.004 -20"><span class='ocrx_word' id='word_1_261' title='bbox 100 3291 183 3352; x_wconf 68' lang='grc' dir='ltr'><strong>νικῶ</strong></span> <span class='ocrx_word' id='word_1_262' title='bbox 204 3292 474 3370; x_wconf 73' lang='lat' dir='ltr'><strong>ltomm.12,21..·</strong></span> <span class='ocrx_word' id='word_1_263' title='bbox 496 3307 533 3350; x_wconf 89' lang='lat' dir='ltr'><strong>ne</strong></span> <span class='ocrx_word' id='word_1_264' title='bbox 553 3291 632 3348; x_wconf 84' lang='lat' dir='ltr'><strong>vinei</strong></span> <span class='ocrx_word' id='word_1_265' title='bbox 652 3295 680 3350; x_wconf 90' lang='lat' dir='ltr'><strong>te</strong></span> <span class='ocrx_word' id='word_1_266' title='bbox 700 3290 832 3368; x_wconf 83' lang='lat' dir='ltr'><strong>petieris,</strong></span> <span class='ocrx_word' id='word_1_267' title='bbox 860 3293 888 3351; x_wconf 88' lang='grc' dir='ltr'><strong>Ι.</strong></span> <span class='ocrx_word' id='word_1_268' title='bbox 902 3292 988 3351; x_wconf 78' lang='lat' dir='ltr'><strong>Gerr.</strong></span> <span class='ocrx_word' id='word_1_269' title='bbox 997 3293 1032 3372; x_wconf 82' lang='lat'><strong>6,</strong></span> <span class='ocrx_word' id='word_1_270' title='bbox 1044 3294 1076 3348; x_wconf 89' lang='grc'><strong>7.</strong></span> <span class='ocrx_word' id='word_1_271' title='bbox 1098 3285 1175 3348; x_wconf 80' lang='grc' dir='ltr'><strong><em>α’δι-</em></strong></span> 
     </span>
     <span class='ocr_line' id='line_1_30' title="bbox 98 3391 1175 3471; baseline -0.001 -20"><span class='ocrx_word' id='word_1_272' title='bbox 98 3393 248 3452; x_wconf 73' lang='grc' dir='ltr'><strong><em>κεῖσθαιε</em></strong></span> <span class='ocrx_word' id='word_1_273' title='bbox 269 3393 400 3452; x_wconf 81' lang='lat' dir='ltr'><strong>iniuriam</strong></span> <span class='ocrx_word' id='word_1_274' title='bbox 421 3393 560 3465; x_wconf 75' lang='lat' dir='ltr'><strong>patienter</strong></span> <span class='ocrx_word' id='word_1_275' title='bbox 581 3394 694 3471; x_wconf 82' lang='lat' dir='ltr'><strong>ferre),</strong></span> <span class='ocrx_word' id='word_1_276' title='bbox 717 3391 737 3452; x_wconf 88' lang='lat' dir='ltr'><strong>i.</strong></span> <span class='ocrx_word' id='word_1_277' title='bbox 758 3408 785 3451; x_wconf 82' lang='lat' dir='ltr'><strong>e.</strong></span> <span class='ocrx_word' id='word_1_278' title='bbox 811 3405 868 3450; x_wconf 88' lang='lat' dir='ltr'><strong>non</strong></span> <span class='ocrx_word' id='word_1_279' title='bbox 893 3393 998 3465; x_wconf 81' lang='lat' dir='ltr'><strong>potitur</strong></span> <span class='ocrx_word' id='word_1_280' title='bbox 1019 3396 1175 3465; x_wconf 81' lang='lat' dir='ltr'><strong>prneespts</strong></span> 
     </span>
     <span class='ocr_line' id='line_1_31' title="bbox 98 3491 1176 3570; baseline -0.004 -17"><span class='ocrx_word' id='word_1_281' title='bbox 98 3511 155 3553; x_wconf 78' lang='lat' dir='ltr'><strong>sus</strong></span> <span class='ocrx_word' id='word_1_282' title='bbox 175 3497 204 3552; x_wconf 93' lang='lat' dir='ltr'><strong>et</strong></span> <span class='ocrx_word' id='word_1_283' title='bbox 225 3495 458 3553; x_wconf 77' lang='lat' dir='ltr'><strong>comminationes</strong></span> <span class='ocrx_word' id='word_1_284' title='bbox 478 3493 563 3570; x_wconf 82' lang='lat' dir='ltr'><strong>perri</strong></span> <span class='ocrx_word' id='word_1_285' title='bbox 583 3493 698 3570; x_wconf 77' lang='lat' dir='ltr'><strong>heberi,</strong></span> <span class='ocrx_word' id='word_1_286' title='bbox 727 3492 803 3568; x_wconf 81' lang='lat' dir='ltr'><strong>quod</strong></span> <span class='ocrx_word' id='word_1_287' title='bbox 830 3493 851 3551; x_wconf 93' lang='lat' dir='ltr'><strong>il</strong></span> <span class='ocrx_word' id='word_1_288' title='bbox 879 3493 1002 3568; x_wconf 75' lang='lat' dir='ltr'><strong>iaciunt,</strong></span> <span class='ocrx_word' id='word_1_289' title='bbox 1028 3492 1077 3566; x_wconf 81' lang='lat' dir='ltr'><strong>qni</strong></span> <span class='ocrx_word' id='word_1_290' title='bbox 1096 3491 1176 3549; x_wconf 83' lang='lat' dir='ltr'><strong>vitiis</strong></span> 
     </span>
     <span class='ocr_line' id='line_1_32' title="bbox 99 3592 1175 3673; baseline -0.004 -17"><span class='ocrx_word' id='word_1_291' title='bbox 99 3610 207 3656; x_wconf 80' lang='lat' dir='ltr'><strong>secure</strong></span> <span class='ocrx_word' id='word_1_292' title='bbox 226 3597 393 3673; x_wconf 79' lang='lat' dir='ltr'><strong>indulgent,</strong></span> <span class='ocrx_word' id='word_1_293' title='bbox 414 3595 468 3655; x_wconf 85' lang='lat' dir='ltr'><strong>sibi</strong></span> <span class='ocrx_word' id='word_1_294' title='bbox 489 3597 647 3673; x_wconf 75' lang='lat' dir='ltr'><strong>placentes,</strong></span> <span class='ocrx_word' id='word_1_295' title='bbox 667 3599 801 3669; x_wconf 69' lang='lat' dir='ltr'><strong>unquam</strong></span> <span class='ocrx_word' id='word_1_296' title='bbox 823 3593 949 3652; x_wconf 82' lang='lat' dir='ltr'><strong>sitiens</strong></span> <span class='ocrx_word' id='word_1_297' title='bbox 969 3592 1015 3650; x_wconf 85' lang='lat' dir='ltr'><strong>vel</strong></span> <span class='ocrx_word' id='word_1_298' title='bbox 1036 3593 1175 3669; x_wconf 71' lang='lat' dir='ltr'><strong>ignorare</strong></span> 
     </span>
     <span class='ocr_line' id='line_1_33' title="bbox 98 3693 1175 3776; baseline -0.005 -21"><span class='ocrx_word' id='word_1_299' title='bbox 98 3697 192 3772; x_wconf 78' lang='lat' dir='ltr'><strong>possit</strong></span> <span class='ocrx_word' id='word_1_300' title='bbox 213 3698 302 3757; x_wconf 87' lang='lat' dir='ltr'><strong>ullnnr</strong></span> <span class='ocrx_word' id='word_1_301' title='bbox 322 3697 444 3756; x_wconf 87' lang='lat' dir='ltr'><strong>hominis</strong></span> <span class='ocrx_word' id='word_1_302' title='bbox 464 3703 625 3776; x_wconf 72' lang='lat' dir='ltr'><strong>peceatum,</strong></span> <span class='ocrx_word' id='word_1_303' title='bbox 645 3699 693 3756; x_wconf 88' lang='lat' dir='ltr'><strong>vel</strong></span> <span class='ocrx_word' id='word_1_304' title='bbox 706 3698 828 3771; x_wconf 81' lang='lat' dir='ltr'><strong>nequest</strong></span> <span class='ocrx_word' id='word_1_305' title='bbox 844 3696 938 3753; x_wconf 84' lang='lat' dir='ltr'><strong>omnis</strong></span> <span class='ocrx_word' id='word_1_306' title='bbox 951 3693 1060 3766; x_wconf 86' lang='lat' dir='ltr'><strong>pnnire.</strong></span> <span class='ocrx_word' id='word_1_307' title='bbox 1094 3695 1175 3752; x_wconf 79' lang='lat' dir='ltr'><strong>Sen-</strong></span> 
     </span>
     <span class='ocr_line' id='line_1_34' title="bbox 98 3794 1175 3875; baseline -0.001 -20"><span class='ocrx_word' id='word_1_308' title='bbox 98 3801 206 3875; x_wconf 77' lang='lat' dir='ltr'><strong>tentia,</strong></span> <span class='ocrx_word' id='word_1_309' title='bbox 234 3816 319 3875; x_wconf 85' lang='lat' dir='ltr'><strong>quom</strong></span> <span class='ocrx_word' id='word_1_310' title='bbox 346 3799 413 3857; x_wconf 87' lang='lat' dir='ltr'><strong>huie</strong></span> <span class='ocrx_word' id='word_1_311' title='bbox 440 3803 524 3859; x_wconf 80' lang='lat' dir='ltr'><strong>ellete</strong></span> <span class='ocrx_word' id='word_1_312' title='bbox 551 3801 646 3859; x_wconf 77' lang='lat' dir='ltr'><strong>inesse</strong></span> <span class='ocrx_word' id='word_1_313' title='bbox 670 3801 823 3862; x_wconf 81' lang='lat' dir='ltr'><strong>voluerunt</strong></span> <span class='ocrx_word' id='word_1_314' title='bbox 855 3797 1018 3854; x_wconf 75' lang='lat' dir='ltr'><strong>Antros.</strong></span> <span class='ocrx_word' id='word_1_315' title='bbox 1045 3794 1175 3870; x_wconf 81' lang='lat' dir='ltr'><strong>[nemini</strong></span> 
     </span>
     <span class='ocr_line' id='line_1_35' title="bbox 100 3889 1174 3977; baseline -0.002 -19"><span class='ocrx_word' id='word_1_316' title='bbox 100 3899 217 3967; x_wconf 81' lang='lat' dir='ltr'><strong>dubium</strong></span> <span class='ocrx_word' id='word_1_317' title='bbox 238 3907 291 3977; x_wconf 85' lang='lat' dir='ltr'><strong>est,</strong></span> <span class='ocrx_word' id='word_1_318' title='bbox 309 3902 372 3961; x_wconf 84' lang='lat' dir='ltr'><strong>ileo</strong></span> <span class='ocrx_word' id='word_1_319' title='bbox 388 3901 572 3976; x_wconf 76' lang='lat' dir='ltr'><strong>imposturam</strong></span> <span class='ocrx_word' id='word_1_320' title='bbox 593 3900 657 3960; x_wconf 89' lang='lat' dir='ltr'><strong>lieri</strong></span> <span class='ocrx_word' id='word_1_321' title='bbox 676 3917 733 3959; x_wconf 88' lang='lat' dir='ltr'><strong>oon</strong></span> <span class='ocrx_word' id='word_1_322' title='bbox 753 3899 859 3977; x_wconf 81' lang='lat' dir='ltr'><strong>posse)</strong></span> <span class='ocrx_word' id='word_1_323' title='bbox 882 3901 911 3956; x_wconf 93' lang='lat' dir='ltr'><strong>et</strong></span> <span class='ocrx_word' id='word_1_324' title='bbox 932 3895 1073 3955; x_wconf 75' lang='lat' dir='ltr'><strong>oenum.</strong></span> <span class='ocrx_word' id='word_1_325' title='bbox 1094 3889 1174 3972; x_wconf 76' lang='lat' dir='ltr'><strong>(elix</strong></span> 
     </span>
     <span class='ocr_line' id='line_1_36' title="bbox 100 3993 1175 4081; baseline -0.006 -22"><span class='ocrx_word' id='word_1_326' title='bbox 100 3993 292 4081; x_wconf 78' lang='grc' dir='ltr'><strong>ἆπατᾶται]</strong></span> <span class='ocrx_word' id='word_1_327' title='bbox 313 4005 436 4077; x_wconf 79' lang='lat' dir='ltr'><strong>probato</strong></span> <span class='ocrx_word' id='word_1_328' title='bbox 455 4003 541 4061; x_wconf 81' lang='lat' dir='ltr'><strong>etism</strong></span> <span class='ocrx_word' id='word_1_329' title='bbox 559 4004 722 4080; x_wconf 81' lang='lat' dir='ltr'><strong>Borgero</strong></span> <span class='ocrx_word' id='word_1_330' title='bbox 744 4009 772 4061; x_wconf 87' lang='lat' dir='ltr'><strong>et</strong></span> <span class='ocrx_word' id='word_1_331' title='bbox 792 4001 939 4058; x_wconf 68' lang='lat' dir='ltr'><strong>illeille:</strong></span> <span class='ocrx_word' id='word_1_332' title='bbox 962 3999 1054 4057; x_wconf 79' lang='lat' dir='ltr'><strong>ileum</strong></span> <span class='ocrx_word' id='word_1_333' title='bbox 1075 3995 1175 4054; x_wconf 80' lang='lat' dir='ltr'><strong>iustis-</strong></span> 
     </span>
     <span class='ocr_line' id='line_1_37' title="bbox 99 4097 1176 4179; baseline -0.008 -17"><span class='ocrx_word' id='word_1_334' title='bbox 99 4101 204 4162; x_wconf 81' lang='lat' dir='ltr'><strong>simurn</strong></span> <span class='ocrx_word' id='word_1_335' title='bbox 225 4108 254 4161; x_wconf 86' lang='lat' dir='ltr'><strong>et</strong></span> <span class='ocrx_word' id='word_1_336' title='bbox 274 4105 443 4164; x_wconf 87' lang='lat' dir='ltr'><strong>omrdscium</strong></span> <span class='ocrx_word' id='word_1_337' title='bbox 464 4106 565 4162; x_wconf 82' lang='lat' dir='ltr'><strong>follere</strong></span> <span class='ocrx_word' id='word_1_338' title='bbox 593 4121 649 4163; x_wconf 89' lang='lat' dir='ltr'><strong>non</strong></span> <span class='ocrx_word' id='word_1_339' title='bbox 677 4105 794 4179; x_wconf 86' lang='lat' dir='ltr'><strong>potestis</strong></span> <span class='ocrx_word' id='word_1_340' title='bbox 822 4099 1054 4158; x_wconf 77' lang='lat' dir='ltr'><strong>excusationibus</strong></span> <span class='ocrx_word' id='word_1_341' title='bbox 1082 4097 1176 4174; x_wconf 84' lang='lat' dir='ltr'><strong>venis,</strong></span> 
     </span>
     <span class='ocr_line' id='line_1_38' title="bbox 101 4196 1176 4282; baseline -0.002 -20"><span class='ocrx_word' id='word_1_342' title='bbox 101 4218 139 4264; x_wconf 83' lang='lat' dir='ltr'><strong>sn</strong></span> <span class='ocrx_word' id='word_1_343' title='bbox 160 4206 258 4266; x_wconf 85' lang='lat' dir='ltr'><strong>verbis</strong></span> <span class='ocrx_word' id='word_1_344' title='bbox 278 4207 445 4282; x_wconf 84' lang='lat' dir='ltr'><strong>simpliciter</strong></span> <span class='ocrx_word' id='word_1_345' title='bbox 465 4209 601 4282; x_wconf 76' lang='lat' dir='ltr'><strong>spectetis</strong></span> <span class='ocrx_word' id='word_1_346' title='bbox 621 4212 701 4266; x_wconf 85' lang='lat' dir='ltr'><strong>reete</strong></span> <span class='ocrx_word' id='word_1_347' title='bbox 729 4206 893 4264; x_wconf 80' lang='lat' dir='ltr'><strong>vindicetur</strong></span> <span class='ocrx_word' id='word_1_348' title='bbox 919 4203 1095 4276; x_wconf 81' lang='lat' dir='ltr'><strong>dubitemus,</strong></span> <span class='ocrx_word' id='word_1_349' title='bbox 1121 4196 1176 4260; x_wconf 87' lang='lat' dir='ltr'><strong>etsi</strong></span> 
     </span>
    </p>
   </div>
   <div class='ocr_carea' id='block_1_3' title="bbox 868 4279 964 4348">
    <p class='ocr_par' dir='ltr' id='par_1_3' title="bbox 868 4279 964 4348">
     <span class='ocr_line' id='line_1_39' title="bbox 868 4279 964 4348; baseline -0.063 0"><span class='ocrx_word' id='word_1_350' title='bbox 868 4279 964 4348; x_wconf 56' lang='lat'><strong>38*</strong></span> 
     </span>
    </p>
   </div>
   <div class='ocr_carea' id='block_1_4' title="bbox 0 0 1356 4954">
    <p class='ocr_par' dir='ltr' id='par_1_4' title="bbox 0 0 1356 4954">
     <span class='ocr_line' id='line_1_40' title="bbox 0 0 1356 4954; baseline 0 0"><span class='ocrx_word' id='word_1_351' title='bbox 0 0 1356 4954; x_wconf 95' lang='lat' dir='ltr'><strong> </strong></span> 
     </span>
    </p>
   </div>
  </div>
 </body>
</html>
