2710 4954
428 408 744 497 Prologomena.
1036 409 1116 482 287

52 608 123 671 uns,
153 587 341 670 praeeunte
362 580 437 650 loco
459 601 513 668 cp.
536 581 587 648 od
608 579 754 682 0a1.4‚
778 579 837 650 13.
861 579 923 650 13.
945 582 1118 672 exipsius

52 685 142 754 l’auli
164 683 378 752 institutione
398 683 559 752 oriundus
582 683 688 772 (quod
716 705 782 772 quo
810 695 962 774 tempore
989 684 1118 754 factum

52 791 104 877 sit,
133 787 281 877 posthac
308 785 511 872 videbimus,
540 784 597 854 ubi
624 788 666 854 de
693 793 843 872 tempore
880 809 944 906 qno
973 787 1118 875 epistola

52 891 174 978 scripta
201 889 305 957 fucrit
332 888 596 976 disputabitur),
624 887 835 955 Christianos
863 890 1038 980 utriusque
1059 912 1118 977 ge·

51 994 155 1081 neris,
184 1015 229 1062 ex
249 989 395 1060 ludaeis
416 998 452 1060 et
471 989 637 1079 Ethniois,
660 987 957 1078 complectebatur.
1000 992 1119 1061 Proin

51 1099 100 1182 le,
128 1097 222 1186 quod
249 1093 400 1181 pluribus
422 1089 580 1162 eeclesiis
601 1092 715 1161 mixtis
744 1110 829 1162 aevo
851 1092 1039 1181 apostolico
1061 1117 1119 1162 ac-

51 1198 140 1284 cidit,
165 1205 205 1264 ut
227 1193 306 1266 lites
327 1201 362 1264 et
384 1193 615 1264 contentiones
636 1195 822 1282 orirentur,
844 1195 932 1264 idem
956 1204 1118 1284 expertus

50 1309 96 1368 est
118 1305 243 1368 coetus
266 1296 475 1365 Galatarum.
525 1295 734 1364 Prodierant
753 1297 876 1386 quippe
903 1297 992 1367 inter
1014 1299 1117 1368 Gale·

51 1410 97 1468 tas
120 1403 283 1468 doctores
303 1397 471 1468 Judaismi
494 1397 733 1484 studiosiores,
755 1398 883 1486 placita
903 1399 1052 1471 Jnolaica
1072 1402 1117 1469 ri·

49 1513 205 1594 tuumque
235 1501 313 1587 lege
347 1499 562 1568 ceremoniali
599 1500 883 1588 praescriptorum
910 1501 1118 1574 observatio·

49 1629 116 1674 uem
148 1611 309 1672 exactam
331 1571 533 1670 (ibiistianis
561 1603 732 1689 omuibus,
766 1601 838 1671 siue
871 1625 915 1672 ex
939 1602 1117 1672 Judaismo

48 1709 112 1776 sira
135 1729 181 1776 ex
203 1703 424 1808 Paganismo
431 1706 473 1770 ad
496 1725 597 1772 sacra
618 1726 707 1773 nova
728 1703 955 1793 transiissent,
978 1711 1118 1774 strenue

47 1811 270 1896 iniungeutos.
313 1790 463 1874 lidombo
484 1803 622 1892 fuerint,
644 1804 700 1894 qni
722 1812 856 1872 coetum
869 1754 1117 1874 Antiochorum

46 1907 392 1997 (Acu.15,1..sqq)
415 1906 663 1995 perturbarent,
686 1907 823 1996 aut,qur
846 1907 1117 1996 pustbactiorrn

47 2015 91 2080 tbi
112 2011 225 2080 Paulo
247 2018 486 2098 repugnarent,
508 2008 673 2076 incertum
697 2015 761 2078 est.
804 2007 1013 2078 Helleuistas
1033 2011 1117 2079 fuis·

49 2139 92 2201 so,
112 2136 179 2181 non
198 2112 388 2200 llebrueos,
411 2132 515 2181 exeo
538 2117 633 2178 recte
656 2109 857 2198 colligimus,
879 2115 978 2201 qnod,
1001 2135 1115 2203 quam·

47 2217 94 2284 ris
114 2215 248 2304 placita
268 2214 357 2300 legis
379 2212 606 2282 cerimonialis
627 2212 840 2300 iniungereut
861 2213 938 2280 aliis
952 2214 1117 2283 Gbristia·

46 2319 112 2406 nis,
142 2318 211 2406 ipsi
241 2323 353 2384 tamen
375 2315 453 2384 huic
473 2314 543 2402 legi
570 2337 688 2403 parum
707 2323 832 2382 exacto
853 2337 978 2384 morem
1002 2340 1119 2403 gesse·

46 2429 118 2488 mnt
151 2426 304 2486 testante
332 2414 438 2484 Panlo
470 2419 513 2486 ad
548 2415 690 2503 Galo,
714 2415 774 2483 13.
826 2415 896 2484 cfr.
924 2418 956 2484 N
963 2421 1118 2488 eander

50 2519 254 2590 uceticae
275 2521 342 2587 der
369 2518 579 2611 Pfloucuug
604 2519 681 2606 uod
704 2517 865 2609 Ledung
892 2519 959 2589 der
984 2520 1117 2590 chnut.

46 2623 181 2691 aucae
218 2620 331 2688 derret
363 2621 421 2687 doe
450 2620 611 2709 Apostel,
642 2617 719 2687 l'ol.
745 2617 772 2686 l.
809 2619 952 2702 (llamb.
980 2620 1118 2709 1833.)

46 2750 74 2812 p.
97 2723 191 2794 384.
245 2722 419 2790 Eiusmodi
447 2721 599 2790 homiues
631 2718 777 2804 Paulus,
810 2723 1002 2808 cognitione
1034 2745 1119 2794 vera

47 2849 212 2918 sensuque
239 2825 406 2894 acerrimo
438 2822 605 2892 libertatis
632 2845 735 2894 verae
770 2824 985 2893 tllrristianae
1012 2825 1118 2894 imbu-

47 2939 116 3018 tus,
141 2930 194 2998 ita
222 2926 354 2995 solebat
379 2926 596 3014 impugnare,
632 2932 668 2992 ut
696 2947 756 2992 eos
786 2926 937 3014 quidem,
971 2925 1026 3015 qui
1056 2948 1117 3014 pro

47 3056 104 3100 sua
125 3030 322 3118 cognitione
343 3029 542 3116 imperfecta
570 3033 605 3096 et
630 3027 859 3114 persuasionis
886 3026 1116 3096 imbecillitate

46 3134 198 3244 religioni
228 3131 294 3198 sibi
322 3133 484 3198 ducerent
516 3130 692 3222 quicquam
724 3128 781 3198 rel
807 3151 913 3216 agere
938 3127 993 3197 vel
1020 3131 1117 3197 omit·

45 3245 124 3324 tere,
148 3221 239 3325 qiuool
260 3232 393 3319 legibus
411 3232 614 3322 statutisque
628 3230 838 3300 Jutlaeorum
860 3230 1039 3299 ritualibus
1061 3233 1117 3302 vel

47 3337 260 3408 interdictum
293 3333 348 3404 sel
375 3333 624 3420 praescriptum
658 3340 765 3419 essct,
793 3332 909 3400 mitius
938 3339 1116 3421 tractaret,

47 3439 148 3530 iisque
191 3437 397 3528 parcendum
443 3454 520 3500 osse
553 3433 665 3521 palam
703 3433 918 3520 profiteretur
950 3440 1034 3523 (ep.
1069 3383 1120 3504 ool

47 3541 173 3610 am.
196 3539 259 3628 14,
286 3540 320 3606 1.
343 3559 415 3627 sqq.
442 3535 503 3622 15,
527 3536 558 3602 1.
551 3559 645 3654 .sqq.
680 3538 714 3603 I.
738 3535 915 3604 Coruirtlth.
932 3533 970 3624 8,
989 3535 1027 3605 3.
1016 3560 1117 3629 ..sqq

48 3640 78 3728 3
87 3645 152 3712 30
166 3665 240 3732 sqq.
263 3639 340 3710 coll.
353 3639 445 3707 Actt
457 3587 625 3725 111,.,3)
615 3660 650 3702 ru
671 3636 756 3704 alius
779 3661 859 3708 sero
883 3627 998 3708 omues
1021 3661 1117 3708 acer-

48 3745 124 3814 rimo
146 3744 377 3830 inveheretur,
400 3741 456 3830 qni
480 3739 544 3806 boc
564 3738 741 3807 Judaismu
765 3761 827 3808 suo
850 3748 978 3810 temere
1000 3764 1117 3829 super-

50 3843 171 3934 birent,
192 3845 357 3934 pietatem
380 3841 591 3928 iactitarent,
620 3851 820 3932 ceterosque
843 3843 1055 3911 Christianos
1076 3843 1116 3910 li-

50 3945 156 4016 berius
185 3946 373 4016 sentientes
397 3942 450 4012 vel
479 3951 733 4013 contemnerent
759 3944 814 4012 vol
837 3945 913 4011 odio
935 3967 1115 4035 perseque-

49 4060 176 4137 rentur,
209 4070 241 4117 ι.
270 4071 300 4116 c.
328 4048 372 4113 so
401 4045 561 4132 plump.
586 4044 623 4131 3,
646 4043 683 4112 3.
710 4045 757 4112 ll.
790 4046 833 4112 ao
866 4045 967 4114 om.
997 4067 1027 4114 c·
1053 4047 1115 4116 10.

51 4147 232 4238 ι11,13.
247 4170 320 4238 sqq.
353 4145 524 4232 Colosmss
541 4142 601 4212 18.
592 4167 690 4236 ..sqq
714 4146 747 4214 in
770 4168 823 4234 ep.
846 4150 890 4214 eol
912 4145 989 4216 Gal.
1011 4147 1116 4237 pluri·

51 4248 105 4320 los
130 4201 227 4324 lbcis.
277 4251 478 4339 Quanquam
501 4247 646 4318 Galatae
674 4247 754 4316 ab
744 4269 818 4337 rpso
845 4247 952 4318 Panlo
978 4251 1115 4323 carissi.
