2718 4952
215 455 369 548 Epistola
388 457 433 524 od
454 453 611 524 (inlutos.
633 456 672 525 G.
689 455 751 526 ltl.
781 457 823 530 V·
847 457 911 530 stt.
1022 459 1100 532 46i

42 641 71 695 et
90 634 138 695 sl.
160 631 288 693 foedius·
300 631 429 708 expedit,
446 631 476 690 ln
497 647 533 690 eo
551 628 654 706 quippe
676 631 869 708 acquiescens
901 637 977 711 quod
997 638 1106 696 Paulos

41 740 143 795 dooere
174 737 310 811 voluerit,
340 726 507 807 διαθήκην
539 733 735 806 promissionls
765 735 913 796 Abrsamo
939 753 978 798 ex
1010 743 1106 816 gratio

40 842 125 896 libero
144 838 225 895 dstse
244 836 340 895 indole
360 851 413 894 sua
434 839 465 893 st
484 835 603 893 musitio
623 847 742 908 prorsus
762 837 877 896 differre
902 853 922 896 a
948 838 1102 929 διαθήκῃ

39 938 221 1015 legislationis
244 939 386 1014 (toederis
408 936 530 1012 nutui),
549 935 671 1010 ideoque
691 951 748 996 non
768 939 896 1010 potuisse
915 941 1035 1000 sitorum
1055 944 1105 1000 al-

38 1043 90 1098 teri
111 1055 285 1116 repugnare.
327 1037 446 1112 Utrique
467 1039 567 1112 osset,
590 1038 665 1110 qnod
685 1038 803 1114 Paulus,
824 1041 849 1098 si
869 1041 928 1100 hoo
949 1047 1027 1100 osset
1048 1043 1106 1101 de-

40 1146 255 1216 monstraturus,
275 1155 375 1212 porum
394 1141 548 1212 perspicue
568 1138 732 1211 scripsisset
752 1131 771 1200 ri
794 1135 828 1201 δὲ
849 1133 927 1207 esis
947 1137 992 1207 sle
1012 1140 1105 1216 ioris,

36 1243 173 1318 siquidem
192 1241 239 1299 his
259 1241 325 1298 ubb.
347 1240 548 1299 nihilomnino
575 1240 672 1299 inesse
697 1241 842 1317 videmus,
868 1257 906 1300 ex
934 1257 990 1317 quo
1009 1243 1106 1302 leoto-

37 1361 85 1402 res
106 1344 240 1418 oolligero
260 1343 372 1415 possint
390 1358 428 1399 se
449 1342 583 1415 deimot,
610 1341 781 1413 Apostolum
807 1342 837 1400 h.
857 1343 877 1401 l.
904 1345 944 1404 ds
968 1361 1007 1404 so
1031 1351 1106 1406 tao-

36 1453 101 1506 toru
125 1447 183 1503 Dei
213 1447 323 1504 sirtssoe
350 1451 380 1503 et
414 1442 592 1516 efficacitate
618 1444 740 1525 eogitari
771 1445 915 1521 uoluisse,
941 1461 1015 1520 quse
1046 1449 1107 1508 vim

35 1563 117 1604 suam
143 1550 289 1604 exsereret
315 1549 348 1605 in
373 1547 571 1621 promissione
591 1543 744 1604 seraone
764 1547 845 1604 doto
895 1545 988 1614 Quum
1016 1551 1107 1608 verbo

32 1651 130 1723 priore
151 1637 168 1708 si
192 1643 224 1707 di
244 1644 404 1728 μεσίτης
425 1651 480 1705 eto.
502 1633 605 1702 eollsts
626 1645 823 1704 oommstilil.
842 1647 981 1706 inanimo
1003 1651 1106 1707 euius-

33 1765 93 1824 qne
122 1749 236 1806 leotorls
266 1749 353 1806 isoile
383 1748 590 1806 excitavissent
621 1747 821 1822 cogitationem
854 1749 925 1822 lepis
944 1749 1106 1825 Mosaiooe,

30 1853 93 1910 allo
113 1852 196 1910 modo
216 1865 344 1924 pergere
363 1850 485 1906 debellet
512 1850 603 1907 orstio
623 1848 772 1923 Apostoli,
796 1847 822 1906 sl
848 1849 974 1908 membro
1000 1857 1104 1923 poste-

29 1954 104 2012 riori
123 1953 289 2009 senteotiam
310 1955 388 2008 esset
415 1951 634 2025 enuntiaturus,
663 1965 738 2022 quae
773 1949 864 2008 veluti
889 1951 1038 2010 antithesis
1068 1954 1107 2012 sd

27 2058 130 2114 soloot
149 2049 352 2110 transferretur
371 2055 599 2127 promissionnes
624 2065 794 2124 omnemque
818 2051 895 2128 legis
921 2067 959 2110 so
979 2054 1107 2112 toededs

27 2155 236 2232 cogitationem
256 2159 411 2212 amoveret.
457 2155 548 2212 immo
569 2168 606 2212 ne
626 2155 697 2212 satis
715 2159 854 2211 sonorato
873 2155 989 2227 quidem
1008 2155 1106 2232 legem

26 2267 181 2332 conpetens
214 2254 323 2330 foedus
353 2255 484 2330 (paetum
515 2255 659 2332 mutuum]
697 2259 884 2330 opposuisset
915 2256 1107 2333 promissioni,

25 2375 109 2434 quse
134 2362 165 2415 st
189 2358 252 2430 lpse
280 2359 386 2418 oense.
404 2359 459 2434 te,
475 2358 526 2415 te.
543 2358 598 2434 17,
614 2360 645 2415 2.
662 2359 693 2414 7.
708 2372 771 2432 sqq.
792 2359 831 2416 ol.
860 2359 980 2416 termam
1006 2358 1106 2418 habuit

24 2458 169 2520 foederis.
211 2459 324 2517 lisdem
343 2444 447 2533 regiola
467 2463 558 2517 seete
578 2459 671 2515 obstet
689 2457 912 2529 interpretationi
940 2460 1105 2519 Rinokils

23 2561 191 2622 lucubratio
212 2559 324 2618 erleio
345 2561 424 2618 Aeta
443 2558 521 2632 App.
548 2557 641 2631 epistt.
666 2559 781 2617 ostholl.
807 2563 836 2616 ot
856 2559 992 2618 l’sulinss
1016 2561 1106 2619 lissil.

23 2662 127 2723 183⁰.
150 2661 196 2720 ulti
221 2675 250 2734 p.
272 2659 344 2718 tet.
369 2659 445 2718 hseo
464 2659 616 2735 legunturs
641 2660 782 2718 mediator
802 2660 877 2736 logis
897 2665 927 2718 et
947 2662 1026 2720 lieus
1046 2677 1105 2722 ou-

23 2773 95 2823 etor
116 2763 312 2836 promissionis
332 2762 387 2821 silui
405 2761 450 2820 sle
468 2765 662 2834 opponunturs
693 2761 769 2820 notio
790 2762 955 2821 medistoris
980 2764 1028 2838 qul
1048 2779 1105 2823 noo

23 2869 75 2926 oni
106 2865 248 2940 oondngit
271 2863 330 2922 lam
355 2864 575 2935 eiserepsntiem
601 2863 744 2936 quondum
770 2861 845 2920 inter
870 2864 963 2924 ileum
990 2869 1021 2923 et
1045 2865 1104 2924 lto-

23 2972 123 3028 mimes
152 2967 257 3024 edesse
275 2964 379 3041 innuit,
405 2965 459 3023 sed
478 2967 558 3022 lions
584 2969 630 3022 est
649 2980 738 3039 unus,
765 2964 813 3022 eut
838 2961 969 3022 lromlsms
995 2965 1035 3024 nd
1055 2967 1105 3024 di-

23 3074 129 3130 etnam
161 3068 296 3126 unitotem
328 3079 556 3140 ooosensumquo
581 3065 740 3124 revoosudl
770 3079 864 3138 nequo
889 3065 1024 3124 volentes
1049 3083 1106 3126 neo

23 3171 158 3230 neutras
183 3169 279 3243 deest,
305 3168 445 3226 medistor
469 3167 500 3224 ln
526 3167 653 3224 dissidiis
673 3166 771 3224 oliioio
790 3166 935 3242 iungitur,
960 3168 1040 3226 Deos
1065 3169 1104 3228 sd

23 3275 169 3332 mitatem
188 3271 286 3328 tondit.
325 3269 459 3329 iiondem
478 3272 543 3328 tere
562 3268 703 3326 tramitem
722 3268 784 3326 tolli
798 3268 941 3341 interpres
954 3271 1105 3330 resentiss.

23 3373 205 3434 llattlsies
230 3370 261 3429 ln
289 3375 438 3430 eommeot.
468 3387 497 3444 p.
513 3367 565 3429 tt.
586 3385 648 3444 sqq.
688 3369 733 3447 7)
762 3372 863 3432 veruo
885 3373 992 3444 peiora
1019 3387 1106 3432 eool-

23 3479 118 3538 aatis
154 3488 216 3550 seq.
236 3474 312 3533 ei:
344 3487 454 3547 ayone
485 3475 540 3530 leo
570 3473 724 3531 eontrosio
755 3478 801 3532 est
834 3473 991 3549 nmmos
1020 3467 1106 3534 Dei?

23 3590 122 3644 masso
144 3576 409 3650 summationem
433 3575 513 3633 itiieo
533 3574 649 3648 exeipit
665 3571 800 3646 forensia
817 3575 950 3649 qrooiter
974 3589 1105 3649 nepotes.-

23 3682 103 3742 teuit
132 3678 210 3756 too,
234 3677 340 3750 otique
362 3677 534 3752 postulunt,
561 3679 596 3733 ut
620 3679 717 3734 totuss
742 3689 858 3734 sonmo
876 3677 930 3733 20.
960 3677 1107 3734 modi

23 3781 211 3842 admissu
229 3778 409 3852 prmoriom
428 3778 584 3836 eosstirm
603 3777 804 3853 moesone,
825 3791 904 3851 mooe
922 3779 1105 3850 opportueri-

23 3891 121 3944 utens
148 3879 327 3953 mostomii
344 3879 572 3952 intusoqsttoni
597 3892 625 3934 o.
639 3877 692 3935 et.
718 3879 871 3936 weitotoe
896 3881 987 3952 morse
1013 3874 1104 3949 refie-

23 3993 117 4044 ntae.
166 3979 362 4053 ssusseunqoo
380 3978 575 4051 interpretatio
594 3975 662 4036 hoio
681 3976 742 4054 legt
762 3993 862 4050 porum
881 3977 1032 4052 sstlshoit,
1051 3980 1104 4036 ta-

24 4081 149 4143 ilitstis
173 4085 205 4138 et
228 4080 416 4154 simplieitotis
443 4081 529 4139 lsude
554 4080 647 4137 miuus
668 4078 888 4136 commendatur.
936 4078 1060 4137 Proinde
1084 4097 1105 4136 a

23 4201 94 4245 'era
120 4183 210 4241 Psoll
233 4184 375 4242 molentis
399 4181 477 4240 haud
503 4181 588 4242 dubie
614 4181 835 4254 oberraverunt,
858 4179 907 4253 qol
931 4179 1103 4252 Apostolum

23 4307 38 4346 ·.
68 4285 132 4343 2⁰.
161 4283 272 4360 aliquid
290 4285 390 4358 potent
414 4283 535 4361 dixisse,
565 4297 622 4357 quo
647 4283 865 4358 depnmneosr
891 4281 1047 4342 mentitos
1074 4287 1105 4340 et
