2802 4956
474 443 784 533 Prolegomena.
1111 446 1163 514 ta

88 613 290 684 Timotheus
336 614 418 704 (qni
450 623 634 702 praeeunte
660 616 759 685 Luca
776 617 886 686 *Aea
912 615 980 704 18,
1004 575 1171 708 fflsssqql¹

10 740 19 758 ·
94 741 193 805 qunrn
219 715 354 783 Paulus
386 716 549 784 Corintho
589 719 826 808 discessisset,
847 718 1070 808 'aliquamdiu
1088 725 1171 788 *noni

95 819 155 885 luit
178 823 211 884 in
233 817 420 886 sonitibus
441 818 576 908 Pauli),
605 841 670 910 quo
695 829 845 910 tempore
865 820 1053 911 Apostolus
1074 823 1163 888 hane

92 920 230 986 alteram
264 922 310 986 ad
347 919 523 987 Thessali.
556 919 732 1010 epistolam
765 925 940 1012 exaravit,
968 924 1164 1010 etiamnum,

92 1045 165 1090 enan
183 1021 279 1107 Sila,
300 1023 395 1109 apud
417 1023 527 1110 ipsum
547 1032 705 1092 versatus
728 1034 793 1112 est,
814 1027 873 1094 11.
889 1025 1059 1094 Thessall.
1076 1025 1163 1110 1,1.

97 1125 288 1212 Tempora,
309 1147 378 1213 qno
401 1125 530 1213 scripta
549 1125 663 1214 fuerit,
684 1127 832 1214 vestigia
854 1135 950 1196 osrta
962 1128 1037 1194 loeo
1050 1127 1165 1196 inesse

95 1226 252 1312 epistolas
278 1225 327 1292 11.
366 1249 397 1294 ο.
426 1219 464 1293 3.
496 1250 529 1296 v.
557 1225 593 1295 a.
622 1227 725 1296 nolim
758 1229 961 1316 adfirmare,
991 1251 1056 1297 neo
1088 1228 1172 1316 ipse'

94 1327 378 1394 Eiebburuins
412 1327 510 1396 Esiol.
539 1327 576 1394 3.
612 1330 658 1400 B.
698 1328 732 1398 l.
760 1330 887 1417 Heilfie
912 1354 945 1420 p.
973 1326 1038 1398 69.
1067 1339 1165 1400 certa

95 1429 272 1498 uistimat.
323 1429 510 1506 Quaeritur
543 1431 655 1520 enim,
687 1440 797 1500 utrum
832 1434 939 1504 verba
970 1433 1039 1500 1οοί
1070 1431 1163 1500 laud.

94 1529 150 1597 i'ru
167 1531 352 1621 ῥυσθόμεν
373 1528 457 1600 ἀπὸ
484 1533 567 1602 τῶν
593 1530 763 1603 ἀτόπων
782 1541 856 1603 καὶ
877 1537 1078 1622 πονηρῶν
1100 1531 1164 1604 ἆν-

97 1633 281 1722 epam
307 1637 354 1702 de
381 1633 441 1701 illo
469 1635 676 1723 potissimum
704 1637 849 1706 tumultu
875 1645 995 1706 eontra
1021 1635 1164 1705 Paulum

103 1737 265 1824 usitata,
284 1760 382 1826 quem
405 1736 520 1804 Lucas
542 1737 636 1804 Aett'.
661 1735 803 1823 18,111.
826 1761 896 1827 sqq.
919 1741 981 1805 sub
989 1742 1106 1826 finem
1126 1738 1165 1804 il-

106 1837 170 1904 lins
196 1841 368 1926 temporis,
403 1840 490 1928 quod
518 1838 645 1905 Paulus
673 1836 825 1905 Corinthi
858 1841 1027 1924 transegit
1052 1839 1166 1926 (unius

99 1939 231 2008 anniet
256 1964 319 2008 sex
339 1942 524 2026 mensium,
551 1939 643 2008 Arte.
670 1936 732 2026 18,
758 1940 835 2026 11.)
864 1929 1166 2008 οοοίᾱίεεοῒοιὲο-

97 2051 167 2128 tur,
194 2065 236 2110 un
257 2044 422 2112 universo
449 2042 505 2110 vel
527 2043 568 2109 tle
590 2041 795 2110 adversariis
816 2042 972 2130 Apostoli
993 2043 1083 2110 iuter
1102 2042 1166 2110 Ju-
1309 2115 1316 2124 ,

98 2147 215 2230 meos,
240 2145 353 2233 ipsius
380 2145 473 2213 vitae
495 2164 738 2231 saepenumero
760 2144 1011 2232 insidiantibus,
1036 2143 1094 2213 vel
1121 2147 1164 2212 (le

98 2246 290 2314 lectoribus
323 2245 425 2312 falsis
448 2247 503 2313 ⁴aul
533 2245 745 2314 ludaismum
782 2247 959 2336 propensis
992 2244 1195 2314 doetrinae*

97 2347 252 2434 Apostoli
293 2348 562 2435 repugnantibus
600 2347 743 2434 intelligi
784 2349 939 2418 debeant.
992 2348 1167 2417 Eiusmodi

99 2450 219 2538 quippe
249 2450 471 2516 adversarios
497 2450 669 2538 Apostoli,
703 2448 760 2539 qui
786 2453 857 2516 νὀνο
884 2463 964 2517 ante
987 2453 1168 2518 mmmm

98 2553 191 2618 illum
211 2551 304 2620 Aea
324 2547 465 2637 18,12.
489 2573 560 2641 sqq.
584 2561 776 2620 enarratum
798 2549 971 2618 molestias
994 2551 1025 2619 ei
1048 2573 1167 2619 creare

99 2663 249 2740 possent,
272 2651 427 2720 Corinthi
448 2651 566 2740 luisse,
589 2675 688 2721 nemo
709 2651 811 2720 facile
834 2653 1052 2741 improbabile
1075 2654 1168 2721 dixe·

98 2755 155 2822 rit.
198 2755 274 2831 Quo
304 2754 437 2843 quidem
459 2764 656 2840 argumento
677 2755 877 2824 aeneades·
902 2767 1032 2845 quoque
1054 2757 1167 2824 conie-

100 2867 199 2924 ctura
230 2855 398 2924 evertitur
432 2857 545 2942 (mad.
573 2855 611 2925 6.
637 2857 684 2925 Β.
712 2879 750 2946 p.
773 2855 928 2944 3481.)‚
957 2858 1013 2924 eui
1040 2856 1168 2926 Paulus

102 2961 159 3026 11.
184 2959 355 3026 Thomu.
375 2955 415 3045 ³,
437 2955 474 3024 8.
501 2961 546 3026 ad
573 2959 771 3052 vexationes
792 2981 832 3028 eo
854 2958 948 3047 loeo,
975 2981 1074 3049 quem
1099 2960 1169 3026 iam

101 3062 252 3127 aditurus
281 3067 393 3146 esset,
420 3063 617 3129 metuendas
648 3062 843 3150 respexisse
869 3062 1013 3129 videtur.
1033 3066 1063 3146 5)
1106 3061 1170 3127 At·

1 3217 2 3226 ,
105 3169 220 3228 tamen
249 3161 341 3230 band
373 3161 474 3230 dubie
501 3162 646 3252 epistola
673 3163 839 3249 posterior
865 3185 934 3228 noa
959 3163 1072 3228 steten
1094 3173 1174 3252 poet
1319 3157 1320 3160 '

1 3265 2 3300 l
97 3265 258 3354 mirem
276 3263 405 3350 scripta
429 3273 523 3332 reete
550 3263 772 3332 existimatur.
821 3263 989 3340 Quantum
1016 3263 1170 3354 equidem
1206 3307 1210 3316 ·

100 3366 216 3452 sileo,
248 3387 314 3432 non
342 3365 454 3452 potuit
481 3373 575 3434 certe
602 3365 695 3454 prius
724 3367 877 3452 exarari,
903 3389 1003 3456 quam
1028 3366 1170 3453 Paulus,

102 3467 215 3532 nuntia
247 3468 294 3534 de
321 3466 525 3534 Christianis
553 3467 918 3540 Thessalouieensibus
950 3474 1078 3536 stenen
1105 3469 1170 3536 sibi

102 3569 222 3658 alato,
243 3577 473 3656 agnoverat,
499 3571 589 3638 baud
610 3593 737 3660 pausos
759 3572 926 3662 παρουσίᾳ
948 3571 1075 3638 Gbristi
1096 3577 1170 3636 tan-

104 3693 196 3759 quam
217 3671 376 3762 proxime
396 3671 543 3740 instante
569 3675 800 3761 exspectanda
828 3675 939 3741 animo
967 3672 1170 3760 perturbari,

165 3880 192 3944 a)
208 3879 325 3932 Dudnrn
341 3879 466 3932 retntata
482 3883 526 3932 est
542 3883 686 3932 sententis
699 3879 815 3947 Gratti,
833 3893 909 3947 eam,
933 3893 1004 3946 qnae
1020 3881 1048 3930 tn
1065 3891 1171 3932 esnone

102 3974 194 4018 nestro
224 3969 323 4017 luerim
349 3967 531 4028 posteriorem
558 3966 683 4032 obtinet,
710 3969 853 4032 epistulam
881 3967 1172 4018 'thessalonicensium

104 4055 229 4114 matam
240 4085 252 4118 ,
294 4049 362 4100 aute
402 4047 427 4099 1.
467 4037 609 4100 exaratam
651 4065 724 4103 esse.
774 4053 973 4116 Argumentum
1007 4052 1103 4114 quippe
1137 4065 1172 4104 ex

106 4131 511 4200 11.nm.3,17.pemum
532 4135 634 4186 nullius
651 4141 696 4187 est
717 4137 862 4204 ponderis,
891 4147 972 4198 quum
996 4135 1099 4198 absque
1121 4149 1170 4186 ra-

1 4237 2 4280 }
105 4223 173 4271 none
191 4222 299 4270 manea
313 4223 414 4283 ponat,
439 4219 573 4284 lectores,
591 4229 644 4282 quo
662 4221 786 4283 tempore
803 4220 922 4283 epistola
939 4219 1015 4282 prlur
1032 4221 1172 4272 seribere·

105 4308 162 4371 ur,
177 4305 279 4358 eudem
296 4303 459 4356 sementim
475 4303 654 4370 epistolarum
668 4303 774 4358 Pamin.
793 4305 956 4357 doomonte
971 4303 1130 4370 alienare.
