2736 4944
228 481 277 528 xn
608 461 939 538 Pnnnnnnlo'.

230 653 292 724 per
312 653 351 704 se
371 641 545 726 spectatae
568 635 654 706 hsud
674 655 768 730 roro,
795 644 869 708 utra
888 638 988 718 lentio
1008 639 1107 710 inerit
1131 641 1310 734 primitivo,

230 773 279 842 ita
306 774 490 862 relinquunt
515 759 550 842 in
575 791 758 865 suspenso,
782 780 819 844 ut
845 779 1073 846 oontroversia
1100 779 1230 846 nonnisi
1250 783 1309 846 te-

230 912 451 980 stimonionm
477 909 624 1001 pondere
654 909 855 980 muudum.
904 909 1010 997 Qum
1041 933 1155 1004 parum
1182 919 1308 984 eertum

230 1053 267 1117 et
288 1049 439 1120 stabilem
459 1047 559 1116 crisin
579 1052 732 1140 usurpet,
753 1048 784 1118 si
804 1045 878 1138 qnis
898 1049 933 1118 in
954 1051 1207 1122 conformatione
1226 1057 1309 1120 tex-

231 1189 288 1253 tns
308 1185 423 1274 graeei
442 1185 595 1253 librormo
614 1183 660 1250 N.
681 1183 722 1251 F.
749 1187 841 1254 totos
867 1185 1062 1276 pependerit
1086 1209 1131 1258 ex
1158 1188 1308 1257 motori-

230 1329 301 1394 tate
327 1323 422 1392 huius
448 1321 580 1390 iltiusoe
605 1319 663 1389 vel
682 1321 886 1391 recensionis
918 1311 1162 1416 volumnae,
1188 1343 1308 1393 exem-

228 1461 286 1550 pla
306 1459 427 1528 docent
444 1458 639 1547 lectionum,
665 1475 750 1546 qnae
769 1457 878 1528 indole
899 1479 962 1530 sna
981 1460 1111 1530 interna
1130 1465 1308 1548 tantopere

230 1593 511 1683 commendentur,
530 1597 584 1682 nt,
613 1593 794 1682 quimnqne
814 1595 940 1684 absquo
961 1597 1046 1668 omni
1067 1597 1208 1685 portium
1230 1603 1307 1664 stu·-

230 1733 284 1803 dio
305 1729 451 1801 indicare
470 1731 628 1822 voluerit,
655 1736 697 1804 ob
718 1737 761 1806 iis
788 1738 895 1806 tenni
922 1731 1134 1803 testimoniis
1160 1739 1308 1822 nequeat

228 1871 412 1958 obstinere,
443 1869 509 1936 etsi
534 1887 707 1957 pancorum
732 1893 796 1942 nee
821 1871 1033 1958 insigniorum
1061 1867 1206 1937 oodioum
1232 1869 1306 1934 snt-

229 2009 343 2094 trngiis
375 2005 570 2074 adiuventur
602 2002 665 2100 [v.
694 2026 724 2075 o.
756 2007 811 2076 nii
838 2005 949 2076 sonu
967 2002 1081 2095 optimi
1115 2010 1150 2074 et
1176 2002 1306 2093 plurimi

228 2137 306 2213 οὔτε
326 2141 482 2212 exhibent
501 2141 536 2210 in
555 2141 714 2212 eimuodi
733 2145 822 2214 serie
840 2143 1009 2234 orationis,
1026 2158 1114 2232 orne
1128 2159 1189 2232 pro
1210 2146 1307 2212 eeitu

230 2288 267 2351 et
293 2280 467 2368 explorata
493 2278 623 2349 diemdi
649 2279 777 2348 radone
802 2281 953 2350 noemam
980 2267 1057 2349 οὐδὲ
1083 2276 1242 2362 efflagitet
1268 2277 1306 2348 in

228 2419 344 2510 paneis
376 2415 469 2486 libris
501 2415 608 2503 iisque
641 2415 828 2484 minusculis
855 2409 1057 2506 servotum}
1103 2407 1305 2502 'numquam

227 2555 328 2643 igitur
353 2571 514 2642 nunqnam
542 2550 730 2620 desinemus
757 2555 827 2619 toto
853 2557 989 2640 peotore
1019 2553 1056 2618 et
1087 2548 1306 2622 eruditionem

229 2696 329 2778 atque
355 2686 550 2756 industriam
567 2693 602 2756 et
629 2687 849 2774 sagacitatem
869 2685 1038 2778 adunam,
1058 2703 1124 2776 qna
1148 2677 1211 2756 vir
1238 2688 1304 2758 im-

227 2825 375 2895 mortalis
400 2823 575 2894 memoriae
601 2825 634 2894 b.
664 2823 966 2894 Grtesbaohins
991 2817 1182 2894 testimonis
1209 2824 1304 2892 eodi-

229 2981 317 3053 enm,
350 2961 557 3052 versionum,
584 2963 712 3049 patrum
743 2957 919 3028 seeundum
945 2961 1159 3031 recensiones
1179 2954 1303 3048 :ispo-

227 3099 311 3190 snit,
337 3117 400 3186 qno
421 3098 549 3170 nundus
569 3097 710 3186 posthae
725 3095 866 3164 vindioori
893 3101 1011 3183 posset
1038 3096 1081 3166 de
1107 3095 1302 3168 auomritate

226 3235 402 3304 lectionum
434 3233 632 3322 singularum
658 3237 814 3323 externo,
840 3249 1077 3321 saepenumero
1104 3241 1214 3302 tomen
1241 3251 1304 3300 ue-

228 3369 333 3462 eidet‚
358 3373 395 3438 nt
414 3388 436 3438 u
456 3375 551 3438 textu
573 3367 769 3438 Griesbaeh.
795 3367 830 3438 in
851 3367 989 3458 singulis
1009 3365 1217 3437 disoedumus
1244 3385 1303 3434 nr-

227 3506 393 3596 gnmentis
421 3505 559 3574 internis
586 3505 829 3593 praeeuntibus.
878 3503 936 3576 Ex
969 3505 1076 3577 animo
1102 3501 1303 3574 adsentimur

227 3643 394 3733 plerisque
420 3659 546 3733 eornm,
577 3659 661 3729 qnae
695 3647 731 3710 et
756 3641 789 3711 b.
816 3639 1034 3733 Knnppins
1065 3645 1101 3714 in
1125 3645 1300 3710 oomment.

227 3777 395 3869 isagogioa
429 3777 500 3847 snis
532 3777 577 3844 N.
608 3779 649 3846 F.
684 3777 879 3850 editionibus
911 3778 1095 3870 praemisso
1126 3781 1161 3846 et
1188 3769 1229 3844 S.
1256 3773 1301 3844 V.

227 3917 317 3988 Dan.
337 3911 495 3986 sonnio
518 3913 555 3983 in
575 3915 780 4002 praefatione
799 3914 844 3986 ad
864 3915 1040 3985 editionem
1060 3912 1191 3983 tertium
1212 3913 1303 3982 Novi

226 4051 434 4121 testamenti
462 4047 711 4120 Griesboohiani
738 4071 760 4120 a
790 4057 996 4123 securatam
1023 4045 1121 4146 [Vol.
1143 4051 1171 4118 l.
1193 4047 1302 4116 Bero-

225 4187 300 4279 liui,
323 4182 466 4282 182⁷.)
487 4185 653 4258 dssennn
702 4187 742 4258 In
762 4191 857 4258 textu
881 4207 1002 4275 gruson
1028 4183 1220 4274 dividendo,
1246 4184 1301 4252 in-
