2710 4954
235 439 391 532 Epistola
412 443 457 514 ad
477 441 632 516 Galatas·
653 443 731 520 M·
753 443 797 517 V.
816 443 878 514 ti.
903 441 965 517 ¹0.
1051 443 1130 518 841

90 615 194 676 sonnis
210 617 251 678 ita
270 623 407 696 expertus
426 623 486 698 est,
513 624 546 682 ut
565 619 694 682 Mones
713 619 770 695 ipsi
789 622 959 682 offerrentur
977 620 1009 682 in
1028 623 1132 682 ntum

87 719 159 780 saint
178 720 444 804 eoniaotoprorsus
463 723 657 800 singularem,
674 723 754 786 Aett.
765 726 821 803 22,
834 724 885 785 tr.
895 735 958 800 sqq.
983 723 1030 786 Π.
1045 727 1131 785 corr.

87 821 239 900 tt‚1.apq.
261 823 424 884 Genitirum
441 819 578 898 Ἰησοῦ
601 823 670 906 Ῑρ.
689 825 798 899 pariter
816 826 885 886 lieet
904 824 1062 901 genidrum
1073 823 1133 884 ha-

85 921 143 981 tere
159 927 282 987 modom
300 943 326 985 s.
348 930 497 988 auctoris:
522 942 576 1000 per
602 927 822 1003 revelationem,
848 927 931 985 nnius
956 930 1058 985 suntor
1077 925 1134 986 tuit

84 1023 213 1105 dhrisms,
239 1031 326 1103 atque
353 1030 444 1106 gemit
471 1032 592 1106 onwan,
616 1028 850 1088 'dheodoreto
876 1031 1048 1103 praeeunte,
1075 1031 1131 1086 err.

81 1137 105 1180 a.
122 1125 181 1187 idn
209 1145 266 1204 per
290 1131 495 1191 revelationem
522 1145 579 1206 qna
603 1130 675 1190 mihi
700 1129 898 1188 muitestatus
917 1131 963 1188 est
991 1128 1133 1188 Christis.

81 1219 163 1289 Nolim
181 1231 297 1306 quidem
316 1234 518 1293 necessitatem
535 1233 642 1308 prieris
661 1233 808 1304 interpret
828 1233 912 1291 effato
932 1234 1133 1305 superstruere

80 1325 208 1392 incorr.
226 1335 282 1410 12,
293 1333 338 1410 1.,
366 1349 453 1410 quum
479 1333 565 1395 etiam
590 1332 642 1392 hie
666 1333 750 1393 loeus
775 1332 821 1411 (si
846 1334 930 1394 modo
952 1333 1010 1392 mir
1036 1327 1132 1414 κυρίῳ

82 1427 198 1492 Christus
216 1433 419 1514 mnnigsnr)
439 1435 627 1511 posteriorem
643 1436 779 1494 admittat.
822 1432 926 1514 [Alius
935 1433 1055 1512 generis
1067 1438 1133 1494 emat

77 1531 162 1609 titii,
184 1535 237 1596 uni
258 1529 471 1615 ἀποκάλυψις
490 1533 600 1618 κυρίου
628 1537 666 1596 da
692 1537 811 1596 Christe
837 1537 905 1596 olim
929 1537 969 1595 ad
993 1534 1132 1598 munium

76 1629 157 1704 palam
175 1635 344 1712 apparituro
363 1638 477 1697 dieitur.
518 1637 578 1698 vd
597 1637 637 1700 ad
656 1641 704 1700 ΙΙ.
716 1640 819 1700 uteo.
832 1638 866 1719 1,
881 1641 912 1698 7.
923 1637 1003 1717 ota]

146 1737 208 1806 Quo
251 1738 318 1800 iure
353 1738 562 1816 summovent,
593 1739 701 1802 nullius
732 1737 855 1800 hominis
884 1737 1048 1799 interventu
1078 1739 1133 1798 sed

75 1831 121 1896 itei
137 1839 230 1913 ipsius
252 1843 283 1900 et
302 1841 470 1902 servantis
489 1841 586 1918 gratia
604 1844 714 1902 tantm
734 1855 815 1917 esse,
841 1841 874 1900 nt
894 1839 1040 1900 christm
1052 1844 1132 1902 rente

73 1945 270 2020 wgnnseeret,
306 1943 430 2016 amplius
459 1941 625 2018 eomprnbat
653 1941 813 2018 Apostolus
846 1941 975 2004 breviter
1001 1955 1132 2002 nomm-

73 2045 197 2104 noranda
216 2045 300 2106 ritae
319 2059 392 2106 suae
416 2044 513 2108 adhue
533 2046 636 2122 gestae
659 2042 791 2108 meana
833 2044 911 2106 olim
938 2043 1044 2122 quippo
1062 2047 1131 2106 tan-

71 2143 121 2202 tur
144 2149 266 2225 aberat,
295 2149 329 2206 ut
353 2161 455 2208 veram
483 2145 592 2208 Christi
617 2148 810 2225 negotionem
830 2149 962 2223 curaret,
987 2149 1021 2204 nt
1044 2145 1131 2206 etism

69 2237 186 2308 nmmos
206 2249 331 2310 chtisto
351 2249 483 2309 addintos
502 2249 610 2312 aeriter
636 2253 865 2324 persequeretur.
906 2247 1008 2308 sonito
1027 2247 1132 2306 deinde

71 2357 218 2412 terrenus
243 2349 340 2428 (qnod
359 2349 423 2410 deri
441 2365 500 2411 non
519 2349 659 2425 potuisset
678 2349 788 2424 absque
807 2349 923 2410 numine
940 2349 1013 2426 Ilei)
1033 2347 1131 2408 homi-

68 2461 124 2508 nem
147 2453 278 2530 nudum,
304 2469 343 2513 ne
367 2451 527 2526 apostolum
553 2452 683 2529 quidem,
708 2451 837 2510 adhibuit
862 2452 1017 2514 dootorem.
1060 2447 1132 2517 onis

69 2547 143 2611 tdem
163 2555 297 2632 deneget
316 2553 423 2630 Paulo,
448 2551 629 2613 sanctissime
649 2553 724 2612 haee
745 2551 876 2629 testanti,
901 2551 973 2610 nihil
993 2550 1131 2627 cogitanti

70 2664 100 2705 an
123 2656 271 2732 molienti,
302 2654 360 2716 nisi
395 2658 429 2714 ut
453 2653 570 2714 veritati
595 2655 711 2714 divinae
735 2651 941 2728 propagandae
968 2651 1132 2727 inserviret,

68 2749 167 2815 *tinem
187 2756 299 2833 queris
317 2771 416 2816 rerum
434 2755 612 2816 terrestrIum
632 2751 750 2816 studio?
776 2755 863 2814 nand
881 2753 1002 2828 impedit
1016 2751 1131 2826 eandem

65 2853 251 2920 monum
272 2857 372 2935 rami,
398 2859 551 2932 quominus
569 2859 776 2934 concedamus,
794 2857 960 2932 priusquam
977 2854 1028 2913 illa
1044 2852 1132 2912 animi

68 2959 172 3018 nnana
191 2960 305 3038 ingens
330 2959 495 3037 assideret,
520 2961 655 3037 αῑὲᾳυαω
678 2973 842 3018 sermonum
867 2961 899 3016 et
924 2957 1004 3014 vitae
1024 2952 1132 3014 christi

66 3065 261 3133 monam
278 3063 453 3126 moneam
471 3059 528 3134 ipsi
549 3075 605 3119 non
632 3060 776 3135 defuisse,
802 3074 888 3133 quum
906 3062 938 3116 et
956 3054 1132 3128 Hierosoly-

66 3159 112 3218 mis
129 3163 160 3223 in
180 3163 292 3226 schola
318 3163 485 3222 flamalielis
512 3178 603 3220 annos
629 3163 727 3235 plnres
753 3161 928 3238 transigeret
952 3162 983 3218 et
1001 3157 1131 3234 posthae,

66 3257 231 3324 Christianis
257 3265 477 3360 persequendis
508 3264 651 3340 intentus,
684 3262 919 3336 opportunitatem
945 3259 1066 3320 haberet
1092 3273 1129 3318 ex

63 3354 126 3430 iisis
144 3381 268 3440 eormn,
296 3367 346 3440 qui
365 3381 419 3438 pro
438 3367 593 3444 evangelio
613 3365 789 3442 mansino
808 3380 938 3440 quaeque
957 3363 1131 3438 poterentur,

63 3463 227 3526 moniis
249 3467 335 3539 plura
354 3468 393 3525 de
414 3467 530 3527 Christo
557 3465 765 3544 cognoscendi.
813 3467 949 3525 Attamen
977 3465 1131 3526 admodum

63 3575 157 3627 manea
178 3573 211 3628 et
233 3569 407 3642 imperfecta
431 3570 530 3628 tuerat
548 3568 624 3627 haee
649 3585 747 3628 rerum
775 3567 1002 3628 Christianarum
1021 3563 1131 3624 inteili-

63 3669 172 3747 gentia,
191 3685 254 3730 nee
274 3671 453 3742 persuadere
477 3669 505 3728 et
532 3673 680 3746 potuerat,
705 3671 808 3728 desum
833 3687 868 3729 re
891 3684 963 3729 vera
990 3681 1056 3726 esse
1075 3663 1131 3726 nei

62 3765 141 3828 filium
165 3786 206 3828 ao
234 3772 380 3848 legatum,
405 3770 486 3830 Most
513 3771 699 3844 omnibusque
723 3771 872 3844 prophetis
897 3769 1128 3842 praeterendum.

63 3863 179 3930 Nonnisi
201 3872 243 3930 de
265 3873 432 3931 discrimine
450 3875 511 3932 tum
536 3873 673 3945 temporis
701 3869 858 3948 cogitabat,
884 3870 915 3928 in
942 3885 998 3943 quo
1024 3867 1131 3944 religio

61 3981 94 4024 te
111 3971 274 4048 disniplim
293 3971 428 4030 Mosaios
447 3974 561 4035 versari
580 3974 745 4049 rideretur,
763 3971 791 4030 si
811 3970 938 4030 eeclesia
951 3969 1060 4029 Christi
1078 3970 1128 4028 in-

63 4076 218 4130 trasoeret.
277 4072 343 4130 Jnrn
374 4087 461 4150 vero,
494 4090 568 4148 quae
598 4073 690 4134 Paulo
729 4075 903 4134 namneum
935 4071 1129 4144 profleieeend

61 4171 228 4232 notente
258 4175 321 4234 iteo
348 4173 451 4250 obtigit
470 4174 555 4252 visio,
575 4177 632 4232 tarn
653 4177 782 4250 grauiter
802 4174 925 4232 animum
946 4172 1079 4252 perculit,
1098 4176 1129 4231 ut

64 4275 271 4350 perspinnmto
296 4291 406 4336 summa
435 4273 537 4336 Jesuen
569 4283 742 4356 agnosceret
769 4275 859 4336 tilium
886 4275 949 4335 net
997 4273 1046 4336 Ab
1071 4273 1129 4333 hoe
