2772 4962
226 453 309 525 uis
365 447 474 546 Epist.
495 453 541 524 ΙΙ.
564 455 608 522 ud
628 453 801 525 Thessali.
829 453 868 525 G.
881 453 930 546 11,
949 455 994 526 V.
1015 453 1164 527 8-10.

224 631 402 708 singularem
431 631 572 692 tormuloe
603 631 662 690 vim
700 631 773 690 hena
805 631 1005 691 intellexerunt
1036 631 1226 704 Chrysost.
1264 637 1295 691 et

225 733 439 811 'lheophyh]
471 735 535 792 eolo
566 733 633 792 eius
662 735 815 808 apparitio
843 735 990 808 perditura
1015 732 1119 791 dieitur
1144 733 1292 794 hominem

223 825 397 914 ἁμαρτίας.
445 834 525 901 Quae
555 833 669 907 quidem
695 835 776 894 Dum.
810 835 950 908 apparitio
980 835 1104 917 formido
1130 835 1296 893 enuntiatur

222 935 368 1010 ampliori,
395 926 619 1010 torpuissent
646 936 714 1012 τῆς
741 937 984 1014 παρουσίας,
1018 951 1092 1011 quoe
1119 936 1293 1012 gravitatem

221 1037 315 1102 habet.
353 1020 600 1110 Ἐπιφάνεια
607 1076 617 1112 ,
643 1039 718 1112 apud
737 1041 875 1111 profanos
901 1029 1080 1111 quidenn'de
1104 1037 1292 1110 apparitione,

219 1139 346 1197 adventu
370 1137 546 1210 potissimum
572 1138 767 1209 inexspeotato
798 1141 847 1196 vel
873 1139 1008 1196 Numinis
1034 1139 1125 1196 divini
1157 1139 1207 1196 vel
1231 1138 1292 1197 ho-

219 1239 305 1298 minis
324 1239 460 1298 armillum
480 1239 599 1295 terentis
625 1237 868 1316 (wesseling.
895 1241 934 1298 ad
960 1242 1050 1299 Diod.
1083 1243 1145 1301 Sin.
1164 1242 1194 1315 1,
1211 1240 1290 1317 26.)

218 1345 278 1399 tum
305 1340 342 1398 de
367 1341 465 1413 speeie
497 1340 539 1397 rei
571 1338 731 1398 hominisve
756 1344 875 1400 externo
905 1341 1030 1401 Aristot.
1058 1338 1129 1421 περί
1161 1321 1290 1420 νόομου

105 1469 109 1475 -
218 1455 245 1498 ο.
260 1439 289 1498 1.
311 1440 342 1514 3.
355 1439 385 1497 7.
409 1441 533 1513 itemque
553 1440 590 1498 de
610 1442 763 1518 dignitate,
788 1448 927 1518 quotenos
956 1443 1135 1501 extrinseeus
1160 1447 1292 1516 opparet,

218 1542 381 1618 maiestate,
413 1543 565 1615 splendore
596 1549 777 1620 usurpatum,
806 1545 896 1604 Diod
925 1545 1064 1623 smne,
1089 1545 1118 1604 1.
1160 1545 1289 1622 Dionys.

218 1643 316 1704 naue.
337 1649 412 1703 unti-
439 1647 556 1704 domm.
570 1647 605 1722 2,
624 1648 690 1723 68,
710 1647 740 1704 ln
761 1645 842 1704 libris
862 1645 900 1704 N.
921 1647 955 1704 F.
975 1646 1078 1718 partim
1104 1643 1142 1703 de
1161 1645 1290 1703 adventu

217 1746 325 1805 Christi
344 1745 375 1804 in
395 1743 443 1804 his
461 1743 547 1804 terris
567 1745 624 1802 dio.
644 1747 908 1826 11.1ιάι.1,1ο.,
929 1749 1032 1822 purtim
1053 1747 1091 1804 de
1111 1747 1205 1804 reditu
1226 1748 1291 1804 eius

216 1847 283 1906 olim
304 1843 407 1906 'tuturo
438 1849 486 1908 Η.
503 1847 577 1907 Τίσι.
592 1848 674 1927 4,1.
688 1850 736 1928 8.,
761 1850 930 1920 praesertim
950 1853 1088 1923 quotenos
1106 1847 1158 1906 hio
1177 1847 1291 1905 reditus

215 1949 379 2021 spectabilis
425 1954 469 2006 est
507 1952 621 2006 mmms
664 1951 693 2008 el
730 1950 905 2008 maiestatem
943 1949 1091 2010 habiturus
1130 1953 1290 2022 externam,

215 2052 244 2109 1.
264 2051 388 2127 mmo,
407 2050 462 2106 14.
481 2063 525 2124 eq.
553 2045 734 2132 ἐπιφάνεια
760 2051 817 2109 τοῦ
844 2049 955 2130 κυρίου
985 2083 1019 2096 -
1049 2047 1093 2126 ιῖν
1122 2047 1237 2122 δείξει
1266 2045 1286 2111 ὁ

215 2145 378 2230 μακάριος
406 2143 587 2221 devoreris,
613 2155 656 2209 ad
683 2152 784 2211 ditum
800 2154 836 2229 2,
858 2153 910 2210 13.
938 2150 1042 2230 turp.
1072 2153 1141 2226 τῆς
1167 2147 1290 2228 δόξης

215 2251 272 2311 τοῦ
305 2247 445 2330 μεγάλου
478 2251 575 2322 θεοῦ,
608 2248 663 2311 καί
690 2253 833 2330 σωτῆρος
859 2244 954 2333 ἡμῶν
984 2249 1098 2327 Ἰησοῦ
1126 2255 1290 2334 Χριστοῦ,

213 2351 353 2426 opperitio
372 2352 526 2410 maiesmtis
546 2352 601 2413 liei
621 2357 676 2412 ete.
724 2356 768 2413 lte
793 2355 844 2412 illu
862 2349 975 2414 Domini
1004 2357 1189 2432 emesenam,
1209 2371 1289 2430 quoe

213 2455 357 2526 patefacta
376 2459 420 2512 est
445 2453 558 2516 excidio
578 2454 857 2532 Hierosolymorum,
884 2471 1026 2532 nunqnam
1051 2458 1157 2533 legitur
1185 2453 1287 2542 ἔοιφ.

213 2553 317 2628 Neque
347 2559 406 2632 est,
437 2557 513 2630 quod
544 2573 611 2616 oum
636 2559 795 2630 Flattlo,
826 2559 892 2618 loeo
923 2561 1049 2635 Αμοοαί.
1071 2560 1126 2638 11,
1147 2559 1203 2618 14.
1227 2560 1287 2637 19,

214 2656 267 2715 11.
280 2669 343 2731 epp.
371 2661 568 2734 eomparante,
588 2661 626 2718 de
653 2661 711 2718 ulie
736 2663 858 2733 quadarn
885 2661 1113 2720 manifestatione
1138 2661 1289 2731 potentiae

212 2755 321 2815 Christi
339 2757 448 2833 insigni
470 2762 639 2836 eogitemus,
658 2777 731 2834 quoe
755 2765 852 2819 tutore
870 2752 910 2820 sit
928 2767 995 2819 ante
1014 2763 1137 2820 reditum
1158 2763 1286 2821 Domini.

211 2859 317 2935 Immo,
337 2874 411 2934 quoe
431 2837 511 2916 v.'1.
533 2859 618 2918 huius
639 2874 702 2934 ουρ.
723 2866 752 2920 et
777 2863 810 2921 C.
831 2864 857 2938 l,
882 2879 912 2921 v.
936 2863 965 2921 7.
986 2863 1134 2922 dieehmur
1153 2883 1287 2940 παραυ-

211 2955 266 3018 σίοι
297 2963 327 3018 et
357 2953 570 3042 ἀποκάλυψις
606 2963 734 3041 Doudni,
766 2965 867 3022 eedem
898 2963 928 3024 h.
953 2967 974 3023 l.
1002 2967 1160 3039 appelletur
1185 2961 1288 3041 ἒαιφ.

209 3058 405 3138 παρουσίας,
435 3064 576 3136 apparitio
603 3066 744 3124 moenum
776 3065 897 3142 Christi,
926 3068 946 3124 i.
975 3083 1001 3126 ο.
1033 3069 1179 3126 adventus
1209 3071 1286 3128 Chr.

208 3165 377 3235 spectabilis
409 3182 434 3222 s.
466 3166 612 3243 ίίίυοίνίο,
652 3171 817 3227 murtetis
849 3166 957 3243 plenus
997 3168 1090 3244 (σία.
1123 3167 1287 3245 lirense,

209 3261 306 3338 Peli,
326 3263 411 3341 alii),
429 3279 485 3322 neo
504 3265 562 3323 alie
582 3269 678 3325 evadit
698 3270 847 3346 sententia,
867 3272 892 3328 si
905 3285 979 3356 'enm
999 3269 1141 3343 lioppio
1162 3277 1286 3332 vertere

208 3361 357 3420 indueris:
390 3363 423 3423 vi
458 3381 512 3422 suo
540 3367 620 3427 illurn
652 3361 780 3447 ιίνομον
810 3371 932 3443 privabit
959 3387 1017 3446 per
1041 3376 1229 3432 maiestatem
1254 3391 1284 3432 s.

207 3464 399 3536 splendorem
414 3465 925 3550 (li.nloeeann.14,1e.1e,2r.)
946 3475 1160 3532 ουίοιίοοοίιιο.
1192 3473 1285 3532 Lon-

207 3563 276 3640 gius
295 3563 382 3636 petita
401 3565 515 3624 videtur
540 3581 639 3626 eorum
663 3569 724 3628 init.
745 3573 900 3648 sententis,
928 3574 977 3650 qui
1002 3574 1201 3650 splendorem,
1228 3577 1283 3636 lu-

207 3665 270 3724 eern
291 3663 432 3746 (inam),
451 3666 521 3726 hl.
550 3669 655 3741 opponi
675 3671 835 3730 existiment
860 3676 986 3734 tenebris
1012 3690 1140 3734 errorum
1160 3692 1216 3749 per
1237 3679 1289 3739 ll.

206 3767 265 3828 111111
284 3760 414 3850 ἄνομον
434 3767 602 3862 excitandis
649 3771 703 3831 nis
726 3774 818 3848 igion
843 3765 882 3834 ὃν
908 3767 927 3835 ὅ
954 3771 1066 3854 κύριος
1090 3807 1125 3820 ···
1148 3797 1288 3859 παρου-

208 3867 280 3935 οίαο
301 3861 404 3930 αὑτοῦ
425 3871 599 3944 interpositis
618 3875 717 3949 porgit
735 3876 893 3950 Apostolus
918 3878 949 3936 tn
975 3878 1164 3937 describenda
1189 3880 1289 3942 meins

207 3963 338 4049 ἀνόμου
365 3971 533 4048 efficientia,
559 3989 613 4034 suo
642 3975 756 4050 eddom
782 3981 929 4056 tempore,
957 3984 990 4037 ut
1016 3979 1100 4038 modo
1127 3981 1291 4063 duodeni,

205 4075 354 4132 cessum
374 4091 402 4132 v.
423 4073 454 4133 9.
476 4063 520 4135 οὗ
548 4074 623 4151 (τοῦ
645 4071 792 4158 ἀνόμου,
818 4095 848 4137 v.
869 4081 899 4138 8.
925 4081 982 4158 ln.)
1010 4077 1119 4142 ἐστιν
1144 4071 1166 4154 ἦ
1195 4099 1288 4142 πα-

206 4165 350 4249 ρουσία
370 4178 426 4272 ete.
474 4175 557 4244 Quod
575 4179 661 4238 modo
682 4179 719 4237 de
739 4179 864 4238 advemu
884 4181 993 4242 Christi
1012 4187 1179 4256 usurpatum
1201 4185 1292 4244 tue-

203 4273 263 4346 rat,
283 4270 461 4352 ααρουσία,
488 4275 565 4340 idem
585 4277 614 4336 h.
635 4279 654 4337 l.
673 4281 845 4342 transfertur
863 4283 902 4342 ad
927 4285 1185 4346 manifestationem
1214 4288 1293 4346 ad-
