2802 4956
247 438 298 510 18
622 433 894 522 Prolegomen
919 457 940 502 a

247 629 312 700 que
334 609 422 676 hauc
442 605 692 692 liberalitatem,
715 609 792 674 dum
813 604 1083 674 Thessalonicae
1104 610 1317 690 versaretur,
1387 639 1388 708 q

247 714 372 780 iterata
392 712 468 806 rice
495 711 717 798 praestitisse.
768 709 865 784 Quod
893 709 988 794 prius
1016 709 1152 774 effatum
1181 707 1319 793 attinet,
1387 719 1388 784 l

246 815 330 883 uihil
351 815 488 880 obstare
510 813 607 880 video
630 811 817 878 sententiae
834 810 1004 898 plerisque
1023 810 1196 897 probatae.
1224 808 1319 876 Dum

247 916 376 984 Paulus
397 916 506 1003 prima
527 916 601 983 vice
614 912 885 981 Thessalonicae
907 912 1108 980 versabatur
1129 909 1233 994 (Aea.
1252 911 1320 997 17,

138 1052 142 1060 ·
251 1020 285 1084 1.
299 1024 397 1107 sqq),
416 1018 546 1084 initium
567 1016 733 1102 evangelii
747 1014 964 1103 praedicandi
983 1015 1031 1080 ita
1053 1013 1177 1080 fecisse
1200 1013 1320 1080 existi·
1387 1045 1388 1094 f

146 1189 148 1204 Α
246 1124 389 1186 mandas
411 1127 475 1206 est,
497 1128 535 1188 ut
556 1118 745 1189 hominibus
766 1120 809 1183 ad
827 1117 997 1182 Christum
1021 1115 1195 1182 conversis
1217 1114 1318 1180 simul
1387 1125 1388 1194 t

245 1222 478 1310 praediceret,
512 1245 572 1288 eos
603 1243 671 1288 una
698 1243 772 1287 cum
801 1219 876 1305 ipso
910 1216 1118 1305 (Apostolo')
1147 1217 1320 1302 evangelii
1387 1257 1388 1306 q

247 1346 354 1392 causa
387 1322 622 1391 vexationibus
655 1322 729 1391 tore
762 1320 936 1386 obnoxios.
990 1319 1030 1386 ld
1069 1321 1156 1407 quod
1192 1328 1321 1386 eventu

247 1425 459 1514 comprobari
487 1425 659 1512 coepisse,
690 1425 884 1511 priusquam
911 1421 1039 1486 Paulus
1069 1421 1186 1487 urbem
1215 1418 1321 1486 relin-
1387 1439 1388 1510 q

247 1536 384 1615 queret,
412 1527 562 1594 narratio
588 1527 709 1599 Lucae
739 1527 838 1592 docet
864 1523 954 1591 Acte.
974 1521 1035 1607 17,
1053 1518 1173 1588 5-9.
1218 1521 1321 1596 Quae

247 1626 577 1699 Thessalonicenses
610 1635 688 1714 post
721 1626 847 1694 abitum
880 1622 980 1690 Pauli
1013 1624 1143 1710 experti
1178 1624 1321 1709 fuerint,
1387 1649 1388 1720 q

245 1752 312 1797 uon
334 1731 528 1799 accuratius
558 1735 764 1816 compertum
787 1727 966 1812 habemus,
996 1748 1096 1814 quum
1117 1725 1233 1794 Lucas
1255 1727 1321 1790 mi·

244 1831 334 1899 nime
356 1832 521 1917 integram
544 1831 687 1906 fatorum
702 1831 806 1904 huius
825 1821 995 1896 ecclesiae
1017 1827 1192 1894 historiam
1215 1849 1321 1913 expo·

245 1956 327 2002 uere
349 1932 573 2000 constituerit.
616 1932 671 1999 Dc
684 1929 792 1997 Paulo
808 1937 941 1997 constat
956 1929 1059 2014 (Aera
1078 1928 1140 2014 17,
1159 1926 1319 2011 13.1-’1.)
1387 1959 1388 1990 ί

246 2054 323 2100 eum
346 2053 411 2099 uec
431 2035 586 2100 Beroeae
612 2040 721 2098 tutum
749 2031 1018 2119 incolumemque
1037 2031 1162 2098 diutius
1183 2032 1320 2098 versari
1387 2011 1388 2106 Ῐ

245 2134 415 2220 potuisse,
437 2134 557 2204 iterum
578 2133 702 2222 quippe
725 2156 747 2198 a
767 2133 904 2202 ludaeis
927 2142 1100 2218 vexatum,
1128 2131 1321 2198 Thessalo·

244 2237 322 2304 uice
363 2238 534 2305 Beroeam
572 2235 759 2322 profectis,
793 2235 1018 2323 populumque
1056 2233 1318 2302 concitantibus.
1387 2221 1388 2278 l

161 2345 162 2354 ’
244 2338 358 2426 Atque
387 2339 519 2405 omniuo
549 2338 654 2406 verba
675 2336 773 2403 Pauli
801 2338 835 2405 I.
856 2337 974 2404 Thess.
993 2337 1030 2423 3,
1043 2335 1081 2406 4.
1104 2339 1320 2422 μέλλομεν

244 2441 495 2526 θλίβεσθαι
523 2439 572 2506 ita
600 2459 638 2506 sc
660 2439 801 2523 habeut,
829 2446 867 2504 ut
895 2439 980 2504 satis
1008 2441 1180 2506 commode
1210 2437 1317 2505 etiam

245 2542 288 2610 de
309 2541 542 2611 vexationibus
564 2540 622 2607 illo
650 2549 802 2627 temporo
829 2539 893 2627 ipsi
915 2539 1080 2626 Apostolo
1110 2539 1318 2609 instantibus

156 2672 168 2700 ·
244 2642 488 2730 intelligantur.
532 2641 673 2713 Omnino
696 2643 806 2708 otiosa
827 2649 1031 2729 apparerent
1052 2642 1129 2709 vbh.
1157 2647 1227 2710 καί
1251 2643 1318 2708 οἵ·

246 2747 360 2831 ders,
388 2745 453 2812 nisi
475 2745 540 2810 hoe
561 2743 755 2829 innuerent,
784 2742 1150 2810 Thessalonicensibus
1178 2742 1317 2812 aliunde

244 2846 312 2914 iam
341 2846 544 2932 innotuisse,
577 2867 664 2934 quae
692 2847 766 2911 fata
793 2845 944 2930 Paulus,
979 2844 1229 2912 Thessalonice
1264 2847 1317 2910 di-

244 2970 397 3034 gressus,
419 2948 588 3014 subiisset.
633 2947 730 3022 Quod
754 2949 889 3014 effatum
912 2947 1081 3033 posterius
1103 2947 1224 3018 atti'uct
1242 2947 1315 3034 (ep.

240 3052 295 3117 ad
310 3051 481 3140 Philipp.)
503 3049 580 3116 vhb.
605 3050 652 3131 (v.
675 3047 750 3128 15.)
774 3041 828 3114 ὅτε
850 3047 994 3128 ἐξῆλθον
1016 3045 1082 3116 ἀπὸ
1102 3048 1317 3128 Μακεδονίας

245 3159 310 3221 etc.
332 3160 427 3220 recte
448 3150 499 3218 sic
520 3149 769 3236 intelliguntur=
793 3172 892 3238 quum
915 3150 948 3216 in
972 3169 1013 3214 eo
1036 3147 1158 3235 essem,
1180 3157 1217 3216 ut
1237 3147 1315 3218 Ma-

245 3253 419 3320 cedoniam
440 3251 665 3340 relinquerem
693 3253 772 3340 (qno
801 3260 952 3338 tempore
973 3252 1102 3319 Paulus
1123 3251 1314 3318 Thessalo·
1386 3233 1388 3332 l

243 3354 320 3422 nice
346 3352 561 3438 discedebat,
589 3353 705 3440 utique
732 3351 794 3417 suh
821 3353 920 3420 linem
949 3354 1113 3438 vergebat
1140 3352 1199 3420 illa
1220 3375 1313 3418 com·
1386 3337 1388 3406 l

243 3453 386 3526 morano
407 3450 506 3519 Pauli
535 3453 623 3519 inter
643 3453 885 3540 Macedones),
913 3464 1052 3542 praeter
1079 3463 1226 3526 vestram
1254 3477 1313 3523 cc·

244 3556 383 3625 clesiam
404 3554 498 3621 nullo
518 3553 592 3639 luit,
615 3555 669 3621 cui
691 3555 821 3642 gratias
843 3555 974 3624 referre
996 3557 1154 3624 deberem
1175 3580 1236 3646 pro
1251 3557 1313 3624 he·
1387 3543 1388 3626 l

243 3657 373 3728 noticiis
396 3657 545 3742 acceptis
570 3655 681 3740 (ouius
703 3656 752 3724 rei
776 3657 956 3744 explicatio
978 3656 1207 3750 seq.v.16.).
1244 3658 1313 3724 Co·

242 3761 372 3848 gitassc
389 3756 588 3844 Apostolum
612 3760 653 3826 dc
675 3781 715 3824 co
738 3765 899 3846 temporo,
923 3762 1019 3828 cuius
1041 3760 1191 3846 narratio
1215 3759 1312 3830 Acte.
1387 3773 1388 3838 l

244 3886 274 3929 o.
296 3859 357 3928 17.
379 3858 424 3924 in.
448 3859 641 3945 exhibetur,
671 3859 783 3926 verbis
812 3861 986 3948 protessus
1008 3871 1062 3929 est
1083 3864 1118 3928 ἓν
1141 3857 1227 3953 ἀρχῇ
1248 3865 1314 3928 τοῦ

243 3959 437 4048 εὐαγγελίου.
488 3958 563 4035 Quo
585 3960 693 4026 minus
715 3983 795 4028 vero
819 3983 892 4028 cum
916 3963 1109 4030 Schradero
1132 3971 1311 4051 utramque

243 4061 419 4151 epistolam
445 4059 566 4131 seriori
593 4061 753 4149 tempori,
782 4085 842 4152 quo
864 4064 992 4132 Paulus
1020 4065 1140 4132 iterum
1162 4064 1311 4132 Athenis
1387 4103 1388 4144 q

242 4163 361 4249 fuerit,
389 4163 614 4251 vindicemus,
644 4164 730 4232 haec
751 4165 943 4252 impediunt.
986 4171 1024 4253 a)
1047 4167 1120 4234 Etsi
1141 4167 1309 4234 conceda·

240 4287 333 4352 mus,
361 4263 491 4336 Lucam
511 4263 605 4336 Aera
618 4263 723 4354 2⁰,l
744 4265 837 4336 -4.
865 4269 1059 4340 narratione
1082 4267 1181 4334 huius
1207 4266 1308 4334 itine-
1387 4305 1388 4336 ι
