2802 4956
515 403 826 491 Prolegomena.
1151 405 1202 475 19

125 578 178 646 ris
195 575 295 646 Pauli
318 599 386 664 per
407 575 642 644 Macedoniam
670 583 705 643 et
725 573 892 644 Achaiam
919 573 1001 643 iacti
1021 577 1200 656 admodum

127 681 272 761 breviter
294 701 378 748 esse
402 678 615 764 defunctum,
635 701 699 744 nec
721 677 873 764 singulas
894 677 1050 762 regiones
1071 702 1199 768 omncs,

128 783 167 848 ab
197 781 371 870 Apostolo
406 789 478 847 tum
515 779 676 866 temporis
702 779 885 865 lustratas,
919 801 1200 850 commemorasse

125 887 192 966 (vd.
206 885 390 952 Schrader
404 881 428 948 l.
441 881 464 948 l.
486 904 520 968 p.
537 881 626 948 151.
638 885 745 970 sqq.);
766 881 994 950 verbatamcn
1007 905 1039 950 r.
1055 880 1092 950 3.
1114 911 1198 952 ποι-

122 983 221 1066 ήσας
247 1012 292 1052 τε
320 987 457 1074 μῆνας
485 987 611 1072 τρεῖς,
642 1001 742 1073 quum
770 984 921 1070 proxime
954 985 1200 1070 praecessisset

124 1087 205 1156 ab.
225 1077 369 1166 ἦλθεν
391 1083 450 1166 εἰς
470 1082 546 1164 τὴν
568 1081 756 1164 Ἐλλάδα,
782 1087 816 1152 in
838 1086 904 1152 hee
926 1085 1088 1152 orationis
1111 1089 1199 1156 serie

127 1201 288 1278 nequeunt
326 1189 398 1258 nisi
433 1189 482 1254 ita
517 1185 677 1276 intelligi,
705 1201 747 1255 ut
769 1187 948 1284 Apostolus
973 1180 1200 1257 ιἠἝλλαὸι

126 1293 270 1378 (attraho)
298 1305 377 1358 trec
398 1303 529 1356 tontum
549 1313 681 1356 memes
700 1294 914 1383 transegisse
935 1291 1084 1358 debatur.
1132 1291 1200 1360 Pus

122 1394 333 1479 tahimnsne,
366 1393 432 1458 boc
454 1393 615 1480 temporis
639 1391 749 1480 spatio
772 1391 864 1458 baud
886 1393 935 1459 ita
961 1414 1083 1479 magno
1110 1393 1199 1482 Apo*

125 1496 242 1566 molum
264 1495 418 1564 Athenis
447 1516 514 1560 non
536 1503 665 1562 tanturn
687 1493 905 1562 Timotheum
927 1487 1199 1563 Thessalonicen

124 1595 302 1685 legavisse,
326 1616 438 1684 eoque
459 1617 600 1664 reverso
619 1596 764 1684 priorem
788 1595 924 1662 dedisse
946 1599 989 1662 ad
1010 1595 1100 1663 buno
1121 1620 1199 1665 coe·

126 1707 196 1766 tnm
215 1699 417 1786 epistolam,
445 1701 506 1764 sed
537 1699 639 1766 etiam
661 1697 882 1783 posteriorem
904 1698 1005 1786 (quae
1027 1699 1118 1765 band
1140 1701 1199 1766 du·

134 1799 206 1886 bie,
225 1811 385 1890 utsupra
407 1799 572 1885 vidimus,
599 1797 746 1885 priorem
775 1819 842 1863 non
871 1799 985 1863 statim
1014 1800 1200 1887 exciperet)

131 1909 306 1968 exarasse!
355 1901 477 1968 Nonne
505 1899 592 1966 haec
621 1899 732 1965 omnia
766 1897 880 1986 aptius
909 1898 1112 1966 conveniunt
1140 1901 1200 1988 illi,

125 2025 208 2090 qnae
226 2003 323 2070 Aac.
354 2027 385 2071 c.
411 2001 474 2068 17.
500 1999 560 2070 18.
589 2009 792 2086 enarratur,
828 2000 1082 2068 commorationi
1109 2003 1200 2091 Apo·

124 2105 200 2170 stoli
228 2107 320 2172 inter
343 2102 571 2171 Athcnc‘cmer
597 2115 696 2190 cepam
727 2099 945 2170 cassatam?
986 2102 1021 2189 b)
1043 2103 1093 2170 Eo
1115 2113 1200 2170 teme

123 2227 221 2293 pore,
250 2229 318 2296 qno
349 2203 478 2272 Paulus
507 2205 655 2292 priorem
683 2203 860 2291 epistolam
883 2203 1199 2273 Thessalonicensi-

125 2309 185 2374 bus
205 2308 369 2396 scripsit,
390 2307 522 2374 nonnisi
551 2305 660 2394 πρὸς
684 2303 840 2395 καιρὸν
866 2299 973 2396 ὥρας
1002 2308 1077 2394 (per
1097 2303 1201 2374 breve

125 2413 270 2498 tempas)
284 2411 530 2478 consuetudine
552 2427 668 2476 eorum
691 2396 851 2476 caruerat
868 2411 915 2495 (Ῑ.
927 2405 1045 2477 Tam.
1061 2405 1098 2495 2,
1111 2409 1199 2495 la).

123 2511 314 2580 verissime
338 2511 404 2578 boc
426 2509 492 2578 dici
514 2517 665 2596 poterat,
694 2512 724 2576 si
751 2511 896 2597 Paulus,
924 2533 1024 2598 quum
1046 2505 1200 2578 Corinthi

125 2613 210 2682 hanc
231 2613 415 2702 epistolam
439 2611 605 2678 scriberet
628 2611 735 2696 (Aea.
759 2636 789 2679 c.
812 2611 903 2701 18.),
926 2611 1129 2680 desiderium
1151 2612 1200 2678 in·

124 2717 257 2804 fimum,
282 2716 465 2803 quodiam
487 2713 633 2782 Athenio
656 2715 804 2780 senserit
833 2715 950 2802 (paulo
973 2721 1050 2800 post
1073 2713 1199 2780 disces-

125 2843 197 2886 sum
231 2842 255 2886 a
285 2814 671 2902 Thessalonicensibus,
707 2815 800 2882 Acca
831 2839 860 2883 e.
884 2815 946 2904 17,
975 2840 1007 2885 v.
1031 2811 1092 2882 15.
1121 2813 1198 2882 coll.

126 2945 159 2988 r.
175 2920 272 3008 tt),
295 2921 341 2986 ad
365 2918 425 2985 bos
447 2919 629 3003 redeundi,
652 2919 849 2985 declarasse
872 2919 1093 2986 existimetur.
1136 2921 1199 2986 At·

128 3031 261 3108 amm,
285 3030 324 3087 nt
348 3020 569 3086 bucellatum
593 3044 668 3086 cnm
692 3019 861 3088 sententia
882 3021 1066 3092 Sohraderi
1089 3021 1200 3087 conei-

130 3121 238 3206 ham,
258 3130 448 3208 praeeunte
471 3121 544 3209 ipso
561 3129 608 3208 (p.
624 3117 705 3204 86.)
729 3120 947 3188 coniiciamus
969 3141 1112 3186 necesse
1135 3130 1198 3207 est,

140 3221 340 3310 Apostolnm,
364 3223 557 3312 priusquam
580 3223 612 3287 in
628 3221 777 3287 Atticam
801 3241 878 3288 rese
902 3221 1071 3290 conferret
1092 3223 1198 3304 (Acte.

135 3321 197 3402 20,
215 3324 269 3412 2.)
305 3325 422 3412 ibique
457 3326 519 3392 bas
555 3321 717 3412 epistolas
751 3321 942 3410 scriberet,
977 3326 1091 3392 altero
1124 3329 1199 3394 cicc

131 3427 459 3496 Thessalonicenses
487 3421 657 3496 visitasse.
708 3425 805 3500 Quod
833 3425 1021 3513 posterius,
1051 3449 1093 3493 ex
1122 3451 1198 3495 sen·

128 3533 233 3598 tentia
253 3529 462 3616 Schraderi,
490 3551 530 3596 eo
558 3535 710 3614 tompore
732 3526 873 3611 accidit,
902 3528 997 3594 cuius
1020 3527 1197 3596 historiam

126 3631 241 3702 Lucas
276 3629 370 3698 Acte.
399 3653 429 3696 o.
453 3627 514 3697 19.
543 3629 732 3706 enarravit,
765 3628 821 3695 nbi
849 3629 890 3694 sle
924 3629 1056 3710 biennio
1086 3652 1198 3698 sermo

129 3745 193 3821 est,
213 3733 310 3824 qnod
332 3731 469 3804 l’anlns¹
484 3732 570 3798 inter
593 3731 759 3820 Ephesios
789 3731 967 3816 transegit.
1016 3731 1198 3800 Existimat

128 3835 266 3926 qnippe,
297 3833 525 3902 narrationem
547 3833 665 3900 Lucae
688 3857 717 3900 o.
741 3828 802 3900 19.
825 3855 856 3898 v.
873 3829 937 3900 20.
956 3829 1020 3900 21.
1043 3855 1197 3901 mancam

126 3959 200 4006 esse
225 3945 263 4004 et
288 3935 534 4024 imperfectam,
554 3927 772 4022 supplendam
794 3933 915 4002 itinere
937 3957 1076 4023 prorsus
1092 3937 1197 4002 omia·

125 4063 178 4126 ιο,
214 4059 286 4128 qno
314 4035 499 4126 Apostolus
527 4041 598 4104 tum
633 4035 811 4121 temporis,
845 4037 981 4122 Epheso
1008 4035 1196 4126 digressus,

125 4143 287 4228 regiones
317 4138 556 4206 Macedonicas
588 4137 637 4224 (in
669 4137 721 4202 bis
743 4136 1051 4224 Thessalonicen),
1079 4137 1197 4208 Gorins

127 4245 237 4332 Eam,
269 4241 427 4329 Cretam,
455 4239 649 4329 Nicopolin,
676 4237 950 4328 Hierosolymes,
980 4241 1195 4310 Antiochiam

942 4339 995 4412 2*
