2802 4956
477 454 803 528 PRAEFATIO.
1140 479 1176 526 xr

97 629 301 702 servandam
326 635 367 700 ct
385 627 629 719 exprimendam
647 629 829 718 plurimum·
843 623 980 722 valeat)
1006 629 1176 700 examina-

100 767 171 836 tut
212 765 365 836 Proinde
385 771 423 834 et
441 770 633 854 apparatum
653 765 958 856 ceommundum
978 765 1010 834 t.
1033 763 1176 834 Grios-

99 903 236 972 trehit
253 908 298 972 et
314 900 544 970 Matthaeii
570 899 733 973 editiones
754 921 826 972 cum
846 901 888 972 ab
909 901 1175 984 antecessoribus

103 1046 284 1130 receptum,
311 1039 438 1108 meran
458 1055 538 1107 cura
555 1039 755 1126 recognitum
776 1044 875 1143 atque
902 1037 1081 1128 digestum,
1109 1041 1177 1106 tum

108 1177 196 1244 notis
213 1175 322 1265 copiis
352 1178 485 1242 andum
504 1161 693 1262 postcunt
711 1173 932 1264 tradidenmt,
957 1179 993 1243 et
1013 1161 1177 1245 editiones

105 1312 236 1382 ninum
255 1309 448 1398 Knappii
474 1309 623 1380 Veteri
642 1310 904 1400 Lachmanni,
922 1309 1177 1408 lucubrationem

107 1448 240 1516 enimn
263 1444 446 1516 Bimckii
471 1445 510 1524 in,
531 1445 621 1516 Atia
645 1453 681 1515 et
699 1445 798 1536 Epp-
818 1442 945 1540 (Basil.
971 1441 1112 1537 ¹83⁰.)
1140 1452 1177 1516 ct

110 1603 309 1673 qrremnque
335 1583 478 1668 insuper
503 1579 597 1650 nobis
626 1601 746 1671 parare
774 1602 946 1672 possumus
978 1581 1021 1652 ad
1049 1589 1176 1654 textum

114 1733 257 1805 mcum
283 1716 511 1806 Epistularum
544 1717 590 1786 N.
622 1719 663 1786 ll.
703 1717 961 1788 conformandum
1000 1721 1176 1790 recentiori
1288 1805 1292 1814 ‚

115 1860 221 1926 rona
238 1856 353 1926 colata
382 1873 426 1924 ac
453 1851 620 1942 disputata
647 1849 801 1948 (praetor
821 1839 1079 1946 'observationes
1107 1857 1176 1926 cri·-

16 2015 17 2032 ¹
111 1992 188 2062 tiras
218 1993 579 2081 commentariisqnos
603 1990 803 2076 contulimus
826 1991 1031 2080 plurimorum
1063 1991 1176 2062 inser-

107 2123 194 2221 ts),
212 2127 392 2216 ddigcuter
411 2147 621 2220 nsmpamus,
646 2126 760 2210 sedulo
782 2126 910 2216 quidem
935 2132 1113 2220 caventes,
1131 2147 1175 2199 ne

107 2265 156 2332 nd
173 2265 305 2336 nimrm
325 2264 506 2338 tribuamus
525 2264 583 2334 ulli
603 2283 729 2354 eorum,
752 2282 840 2352 ,quae
865 2264 989 2334 nostris
1016 2265 1173 2354 tempori·

105 2401 159 2469 iua
177 2403 399 2494 astiterunt,
420 2387 596 2491 systemati
614 2400 857 2492 recensionem,
883 2401 941 2468 vel
962 2419 1034 2469 cam
1054 2401 1173 2470 lectio·-

103 2557 185 2630 nm,
211 2559 313 2628 qnam
338 2538 474 2608 meede
492 2537 553 2607 lv.
581 2541 723 2608 exeunte
750 2537 849 2624 vulgo
875 2541 1043 2625 receptam
1069 2536 1174 2607 titisse

103 2674 310 2762 pratnh'liter
331 2673 451 2742 docere
470 2673 586 2764 liccat,
613 2673 677 2740 hac
698 2671 770 2742 sola
790 2671 835 2742 de
854 2689 955 2740 causa
981 2671 1174 2762 antiquissi-

105 2829 183 2880 mu
202 2813 393 2899 neruisque
413 2807 558 2878 omuibus
579 2807 824 2896 praeferendam
842 2807 996 2878 ducamuus
1010 2803 1067 2902 (id
1088 2808 1174 2898 quod

107 2949 176 3034 ipse
193 2947 442 3036 heimericus,
461 2943 523 3012 Vir
543 2943 796 3036 sagacissimus,
817 2944 869 3014 cui
888 2943 974 3012 haud
994 2963 1069 3014 raro
1091 2939 1174 3014 con-

16 3077 19 3166 l
110 3085 276 3174 sentim,
306 3097 465 3150 asserere
490 3073 625 3172 noluit).
673 3079 885 3166 Argumentis
914 3098 998 3168 quae
1025 3079 1174 3149 dicuntur

117 3217 250 3286 rumis
276 3217 413 3288 undem
448 3219 541 3284 certe
574 3214 817 3306 auctoritatem,
848 3213 985 3282 eandem
1028 3215 1094 3306 vim
1129 3216 1173 3285 ad

110 3355 272 3424 loctiom
298 3371 416 3434 voram
450 3347 686 3420 diiudicandum
715 3349 935 3442 vindicamus,
963 3369 1047 3442 quae
1074 3353 1174 3422 testi-

109 3491 217 3560 mm'is
249 3487 425 3576 codicum,
455 3485 659 3578 versionum,
689 3491 818 3576 patrum
857 3486 1022 3578 competit
1077 3489 1174 3558 llaec

108 3627 184 3696 ιώ
215 3622 411 3696 testimonia
437 3620 525 3690 haud
551 3639 625 3710 raro
652 3622 846 3692 lectionibus
873 3621 1017 3691 diversis
1046 3623 1095 3692 ita
1121 3624 1174 3693 ia-

114 3771 176 3832 rmt
195 3765 272 3834 iere
299 3758 375 3851 pari
394 3756 606 3849 auctoritate,
632 3763 670 3826 ut
696 3759 853 3850 eiusmodi
878 3759 962 3828 locis
990 3759 1070 3829 nillil
1098 3779 1174 3830 cer-

107 3899 165 3970 ἄω
180 3895 345 3972 constitui
363 3892 472 3984 possit
490 3892 555 3962 nisi
576 3896 774 3982 argumentis
802 3915 846 3965 ex
873 3899 991 3966 uatium
1010 3894 1060 3964 rei
1080 3901 1173 3991 trac-

104 4045 201 4130 trlac,
231 4033 393 4106 orationis
423 4035 529 4128 serie,
560 4051 622 4098 usu
651 4029 821 4122 loquendi,
853 4031 979 4102 locisve
1005 4032 1174 4120 parallelis

103 4171 306 4244 s'nilibusve
333 4171 521 4262 depromtis.
568 4145 725 4240 Vicissim
744 4167 892 4262 rationes
911 4167 1059 4239 internae
1080 4169 1173 4240 solae
