<?xml version="1.0" encoding="UTF-8"?>
<!DOCTYPE html PUBLIC "-//W3C//DTD XHTML 1.0 Transitional//EN"
    "http://www.w3.org/TR/xhtml1/DTD/xhtml1-transitional.dtd">
<html xmlns="http://www.w3.org/1999/xhtml" xml:lang="en" lang="en">
 <head>
  <title>
</title>
<meta http-equiv="Content-Type" content="text/html;charset=utf-8" />
  <meta name='ocr-system' content='tesseract 3.04.00' />
  <meta name='ocr-capabilities' content='ocr_page ocr_carea ocr_par ocr_line ocrx_word'/>
</head>
<body>
  <div class='ocr_page' id='page_1' title='image "./epistolaepaulia00schogoog_0158.png"; bbox 0 0 2666 4944; ppageno 0'>
   <div class='ocr_carea' id='block_1_1' title="bbox 242 431 1163 532">
    <p class='ocr_par' dir='ltr' id='par_1_1' title="bbox 242 431 1163 532">
     <span class='ocr_line' id='line_1_1' title="bbox 242 431 1163 532; baseline -0.013 -18"><span class='ocrx_word' id='word_1_1' title='bbox 242 441 320 514; x_wconf 79' lang='lat' dir='ltr'><strong>iss</strong></span> <span class='ocrx_word' id='word_1_2' title='bbox 362 439 471 532; x_wconf 74' lang='lat' dir='ltr'><strong>Epist.</strong></span> <span class='ocrx_word' id='word_1_3' title='bbox 492 438 521 510; x_wconf 85' lang='lat' dir='ltr'><strong>r.</strong></span> <span class='ocrx_word' id='word_1_4' title='bbox 543 439 588 512; x_wconf 71' lang='lat' dir='ltr'><strong>ao</strong></span> <span class='ocrx_word' id='word_1_5' title='bbox 607 437 780 512; x_wconf 66' lang='lat' dir='ltr'><strong>roesam.</strong></span> <span class='ocrx_word' id='word_1_6' title='bbox 807 436 921 510; x_wconf 85' lang='lat' dir='ltr'><strong>civ.</strong></span> <span class='ocrx_word' id='word_1_7' title='bbox 944 435 985 510; x_wconf 89' lang='lat' dir='ltr'><strong>v.</strong></span> <span class='ocrx_word' id='word_1_8' title='bbox 1009 431 1163 516; x_wconf 40' lang='lat' dir='ltr'><strong>ieris.</strong></span> 
     </span>
    </p>
   </div>
   <div class='ocr_carea' id='block_1_2' title="bbox 232 605 1333 4339">
    <p class='ocr_par' dir='ltr' id='par_1_2' title="bbox 232 605 1333 4339">
     <span class='ocr_line' id='line_1_2' title="bbox 242 605 1259 690; baseline -0.013 -10"><span class='ocrx_word' id='word_1_9' title='bbox 242 613 346 680; x_wconf 72' lang='lat' dir='ltr'><strong>asena</strong></span> <span class='ocrx_word' id='word_1_10' title='bbox 366 615 496 680; x_wconf 85' lang='lat' dir='ltr'><strong>omuibus</strong></span> <span class='ocrx_word' id='word_1_11' title='bbox 515 613 692 677; x_wconf 83' lang='lat' dir='ltr'><strong>videbantur.</strong></span> <span class='ocrx_word' id='word_1_12' title='bbox 733 612 859 676; x_wconf 85' lang='lat' dir='ltr'><strong>Proinde</strong></span> <span class='ocrx_word' id='word_1_13' title='bbox 877 611 909 674; x_wconf 89' lang='lat' dir='ltr'><strong>ln</strong></span> <span class='ocrx_word' id='word_1_14' title='bbox 926 611 973 690; x_wconf 85' lang='lat' dir='ltr'><strong>iis,</strong></span> <span class='ocrx_word' id='word_1_15' title='bbox 990 627 1059 688; x_wconf 84' lang='lat' dir='ltr'><strong>quae</strong></span> <span class='ocrx_word' id='word_1_16' title='bbox 1075 621 1147 685; x_wconf 81' lang='lat' dir='ltr'><strong>seqq.</strong></span> <span class='ocrx_word' id='word_1_17' title='bbox 1163 605 1192 668; x_wconf 89' lang='lat' dir='ltr'><strong>id</strong></span> <span class='ocrx_word' id='word_1_18' title='bbox 1206 621 1259 668; x_wconf 84' lang='lat' dir='ltr'><strong>na·</strong></span> 
     </span>
     <span class='ocr_line' id='line_1_3' title="bbox 241 715 1264 798; baseline -0.012 -18"><span class='ocrx_word' id='word_1_19' title='bbox 241 723 318 782; x_wconf 87' lang='lat' dir='ltr'><strong>xime</strong></span> <span class='ocrx_word' id='word_1_20' title='bbox 337 726 471 798; x_wconf 79' lang='lat' dir='ltr'><strong>urgetur,</strong></span> <span class='ocrx_word' id='word_1_21' title='bbox 487 727 598 778; x_wconf 73' lang='lat' dir='ltr'><strong>&#39;omenes</strong></span> <span class='ocrx_word' id='word_1_22' title='bbox 619 717 733 778; x_wconf 79' lang='lat' dir='ltr'><strong>cbristo</strong></span> <span class='ocrx_word' id='word_1_23' title='bbox 754 718 885 776; x_wconf 83' lang='lat' dir='ltr'><strong>addictos</strong></span> <span class='ocrx_word' id='word_1_24' title='bbox 904 717 994 776; x_wconf 73' lang='lat' dir='ltr'><strong>merl</strong></span> <span class='ocrx_word' id='word_1_25' title='bbox 1015 715 1051 774; x_wconf 88' lang='lat' dir='ltr'><strong>ad</strong></span> <span class='ocrx_word' id='word_1_26' title='bbox 1075 728 1135 772; x_wconf 88' lang='lat' dir='ltr'><strong>eum</strong></span> <span class='ocrx_word' id='word_1_27' title='bbox 1157 726 1264 785; x_wconf 79' lang='lat' dir='ltr'><strong>perrer-</strong></span> 
     </span>
     <span class='ocr_line' id='line_1_4' title="bbox 241 817 1265 896; baseline -0.011 -14"><span class='ocrx_word' id='word_1_28' title='bbox 241 827 329 882; x_wconf 86' lang='lat' dir='ltr'><strong>turos.</strong></span> <span class='ocrx_word' id='word_1_29' title='bbox 371 823 411 880; x_wconf 86' lang='lat' dir='ltr'><strong>V.</strong></span> <span class='ocrx_word' id='word_1_30' title='bbox 431 821 486 896; x_wconf 64' lang='lat' dir='ltr'><strong>io,</strong></span> <span class='ocrx_word' id='word_1_31' title='bbox 503 819 605 894; x_wconf 62' lang='lat' dir='ltr'><strong>(wem</strong></span> <span class='ocrx_word' id='word_1_32' title='bbox 631 835 660 876; x_wconf 84' lang='lat' dir='ltr'><strong>v.</strong></span> <span class='ocrx_word' id='word_1_33' title='bbox 681 821 833 892; x_wconf 87' lang='lat' dir='ltr'><strong>separatim</strong></span> <span class='ocrx_word' id='word_1_34' title='bbox 852 818 987 876; x_wconf 77' lang='lat' dir='ltr'><strong>narravit</strong></span> <span class='ocrx_word' id='word_1_35' title='bbox 1008 817 1042 874; x_wconf 81' lang='lat' dir='ltr'><strong>F.</strong></span> <span class='ocrx_word' id='word_1_36' title='bbox 1060 817 1165 876; x_wconf 78' lang='lat' dir='ltr'><strong>Flattr</strong></span> <span class='ocrx_word' id='word_1_37' title='bbox 1188 827 1265 888; x_wconf 80' lang='lat' dir='ltr'><strong>eput-</strong></span> 
     </span>
     <span class='ocr_line' id='line_1_5' title="bbox 242 913 1267 998; baseline -0.012 -15"><span class='ocrx_word' id='word_1_38' title='bbox 242 927 312 984; x_wconf 85' lang='lat' dir='ltr'><strong>onlo</strong></span> <span class='ocrx_word' id='word_1_39' title='bbox 331 926 521 998; x_wconf 66' lang='lat' dir='ltr'><strong>enodandae,</strong></span> <span class='ocrx_word' id='word_1_40' title='bbox 543 923 608 980; x_wconf 85' lang='lat' dir='ltr'><strong>onii.</strong></span> <span class='ocrx_word' id='word_1_41' title='bbox 627 923 662 980; x_wconf 78' lang='lat' dir='ltr'><strong>F.</strong></span> <span class='ocrx_word' id='word_1_42' title='bbox 683 921 860 994; x_wconf 78' lang='lat' dir='ltr'><strong>Suskind,</strong></span> <span class='ocrx_word' id='word_1_43' title='bbox 886 920 960 978; x_wconf 75' lang='lat' dir='ltr'><strong>&#39;lub-</strong></span> <span class='ocrx_word' id='word_1_44' title='bbox 977 917 1066 975; x_wconf 82' lang='grc'><strong>1826.</strong></span> <span class='ocrx_word' id='word_1_45' title='bbox 1084 933 1111 990; x_wconf 88' lang='lat' dir='ltr'><strong>p.</strong></span> <span class='ocrx_word' id='word_1_46' title='bbox 1121 915 1186 976; x_wconf 87' lang='lat' dir='ltr'><strong>tit.</strong></span> <span class='ocrx_word' id='word_1_47' title='bbox 1204 913 1267 986; x_wconf 80' lang='lat' dir='ltr'><strong>sqq.)</strong></span> 
     </span>
     <span class='ocr_line' id='line_1_6' title="bbox 232 1013 1271 1101; baseline -0.014 -14"><span class='ocrx_word' id='word_1_48' title='bbox 232 1019 321 1088; x_wconf 68' lang='lat' dir='ltr'><strong>‘ose</strong></span> <span class='ocrx_word' id='word_1_49' title='bbox 348 1017 472 1090; x_wconf 73' lang='grc' dir='ltr'><strong><em>αὐτὸς</em></strong></span> <span class='ocrx_word' id='word_1_50' title='bbox 498 1013 516 1084; x_wconf 79' lang='grc' dir='ltr'>ὅ</span> <span class='ocrx_word' id='word_1_51' title='bbox 547 1016 686 1101; x_wconf 71' lang='grc' dir='ltr'><strong><em>κύριος</em></strong></span> <span class='ocrx_word' id='word_1_52' title='bbox 705 1029 761 1080; x_wconf 87' lang='lat' dir='ltr'><strong>etc.</strong></span> <span class='ocrx_word' id='word_1_53' title='bbox 803 1021 948 1080; x_wconf 74' lang='lat' dir='ltr'>Christum</span> <span class='ocrx_word' id='word_1_54' title='bbox 966 1021 1131 1093; x_wconf 82' lang='lat' dir='ltr'><strong>rediturum,</strong></span> <span class='ocrx_word' id='word_1_55' title='bbox 1154 1019 1271 1075; x_wconf 70' lang='lat' dir='ltr'><strong>modeti-</strong></span> 
     </span>
     <span class='ocr_line' id='line_1_7' title="bbox 240 1119 1272 1201; baseline -0.01 -14"><span class='ocrx_word' id='word_1_56' title='bbox 240 1143 297 1200; x_wconf 86' lang='lat' dir='ltr'><strong>quo</strong></span> <span class='ocrx_word' id='word_1_57' title='bbox 317 1121 471 1200; x_wconf 72' lang='grc' dir='ltr'><strong>(ἴσχαεον</strong></span> <span class='ocrx_word' id='word_1_58' title='bbox 499 1119 633 1201; x_wconf 55' lang='lat' dir='ltr'><strong>ipdpov,</strong></span> <span class='ocrx_word' id='word_1_59' title='bbox 659 1127 688 1184; x_wconf 85' lang='grc'><strong>1.</strong></span> <span class='ocrx_word' id='word_1_60' title='bbox 699 1127 785 1184; x_wconf 73' lang='lat' dir='ltr'><strong>com</strong></span> <span class='ocrx_word' id='word_1_61' title='bbox 799 1123 853 1200; x_wconf 77' lang='grc'><strong>15,</strong></span> <span class='ocrx_word' id='word_1_62' title='bbox 865 1123 940 1198; x_wconf 77' lang='grc'><strong>26.)</strong></span> <span class='ocrx_word' id='word_1_63' title='bbox 960 1138 1076 1194; x_wconf 83' lang='lat' dir='ltr'><strong>prorsus</strong></span> <span class='ocrx_word' id='word_1_64' title='bbox 1094 1120 1272 1178; x_wconf 72' lang='lat' dir='ltr'><strong>debellatum</strong></span> 
     </span>
     <span class='ocr_line' id='line_1_8' title="bbox 240 1215 1278 1297; baseline -0.013 -12"><span class='ocrx_word' id='word_1_65' title='bbox 240 1230 358 1285; x_wconf 77' lang='lat' dir='ltr'><strong>mortuis</strong></span> <span class='ocrx_word' id='word_1_66' title='bbox 390 1226 561 1284; x_wconf 72' lang='lat' dir='ltr'><strong>suscitandis</strong></span> <span class='ocrx_word' id='word_1_67' title='bbox 589 1226 772 1297; x_wconf 86' lang='lat' dir='ltr'><strong>omnibusque</strong></span> <span class='ocrx_word' id='word_1_68' title='bbox 803 1225 840 1282; x_wconf 85' lang='lat' dir='ltr'><strong>ad</strong></span> <span class='ocrx_word' id='word_1_69' title='bbox 867 1226 956 1282; x_wconf 77' lang='lat' dir='ltr'><strong>vium</strong></span> <span class='ocrx_word' id='word_1_70' title='bbox 983 1228 1125 1284; x_wconf 85' lang='lat' dir='ltr'><strong>aeternam</strong></span> <span class='ocrx_word' id='word_1_71' title='bbox 1152 1215 1278 1286; x_wconf 79' lang='lat' dir='ltr'><strong>ducendis,</strong></span> 
     </span>
     <span class='ocr_line' id='line_1_9' title="bbox 240 1326 1277 1401; baseline -0.009 -16"><span class='ocrx_word' id='word_1_72' title='bbox 240 1330 330 1388; x_wconf 87' lang='lat' dir='ltr'><strong>veluti</strong></span> <span class='ocrx_word' id='word_1_73' title='bbox 348 1326 516 1401; x_wconf 85' lang='lat' dir='ltr'><strong>prinoipem,</strong></span> <span class='ocrx_word' id='word_1_74' title='bbox 536 1341 657 1401; x_wconf 80' lang='lat' dir='ltr'><strong>regnum</strong></span> <span class='ocrx_word' id='word_1_75' title='bbox 674 1343 756 1384; x_wconf 82' lang='lat' dir='ltr'><strong>suum</strong></span> <span class='ocrx_word' id='word_1_76' title='bbox 768 1329 877 1382; x_wconf 82' lang='lat' dir='ltr'><strong>armata</strong></span> <span class='ocrx_word' id='word_1_77' title='bbox 896 1341 982 1384; x_wconf 88' lang='lat' dir='ltr'><strong>manu</strong></span> <span class='ocrx_word' id='word_1_78' title='bbox 1001 1329 1188 1396; x_wconf 68' lang='lat' dir='ltr'><strong>occupantem,</strong></span> <span class='ocrx_word' id='word_1_79' title='bbox 1204 1333 1277 1376; x_wconf 64' lang='lat' dir='ltr'><strong>suae</strong></span> 
     </span>
     <span class='ocr_line' id='line_1_10' title="bbox 240 1419 1282 1504; baseline -0.01 -18"><span class='ocrx_word' id='word_1_80' title='bbox 240 1443 296 1504; x_wconf 84' lang='lat' dir='ltr'><strong>pne</strong></span> <span class='ocrx_word' id='word_1_81' title='bbox 321 1429 453 1500; x_wconf 71' lang='lat' dir='ltr'><strong>potestati</strong></span> <span class='ocrx_word' id='word_1_82' title='bbox 485 1430 669 1487; x_wconf 80' lang='lat' dir='ltr'><strong>adversarios</strong></span> <span class='ocrx_word' id='word_1_83' title='bbox 704 1441 802 1486; x_wconf 89' lang='lat' dir='ltr'><strong>omnes</strong></span> <span class='ocrx_word' id='word_1_84' title='bbox 828 1427 1026 1487; x_wconf 87' lang='lat' dir='ltr'><strong>subiicientem</strong></span> <span class='ocrx_word' id='word_1_85' title='bbox 1052 1425 1185 1484; x_wconf 86' lang='lat' dir='ltr'><strong>describit</strong></span> <span class='ocrx_word' id='word_1_86' title='bbox 1208 1419 1282 1480; x_wconf 85' lang='lat' dir='ltr'><strong>oratio</strong></span> 
     </span>
     <span class='ocr_line' id='line_1_11' title="bbox 239 1527 1281 1603; baseline -0.01 -15"><span class='ocrx_word' id='word_1_87' title='bbox 239 1530 389 1603; x_wconf 78' lang='lat' dir='ltr'><strong>Apostoli,</strong></span> <span class='ocrx_word' id='word_1_88' title='bbox 416 1530 480 1602; x_wconf 87' lang='lat' dir='ltr'><strong>ipso</strong></span> <span class='ocrx_word' id='word_1_89' title='bbox 500 1530 640 1588; x_wconf 87' lang='lat' dir='ltr'><strong>brevitate</strong></span> <span class='ocrx_word' id='word_1_90' title='bbox 660 1531 689 1588; x_wconf 88' lang='lat' dir='ltr'><strong>et</strong></span> <span class='ocrx_word' id='word_1_91' title='bbox 708 1527 889 1598; x_wconf 79' lang='lat' dir='ltr'><strong>simplicitate</strong></span> <span class='ocrx_word' id='word_1_92' title='bbox 907 1528 946 1584; x_wconf 90' lang='lat' dir='ltr'><strong>ad</strong></span> <span class='ocrx_word' id='word_1_93' title='bbox 966 1529 1162 1586; x_wconf 79' lang='lat' dir='ltr'><strong>sublimitatem</strong></span> <span class='ocrx_word' id='word_1_94' title='bbox 1181 1535 1281 1593; x_wconf 87' lang='lat' dir='ltr'><strong>compc-</strong></span> 
     </span>
     <span class='ocr_line' id='line_1_12' title="bbox 240 1623 1287 1705; baseline -0.006 -17"><span class='ocrx_word' id='word_1_95' title='bbox 240 1631 305 1688; x_wconf 85' lang='lat' dir='ltr'><strong>sita.</strong></span> <span class='ocrx_word' id='word_1_96' title='bbox 352 1633 560 1690; x_wconf 68' lang='lat' dir='ltr'><strong>nereensem</strong></span> <span class='ocrx_word' id='word_1_97' title='bbox 587 1632 691 1704; x_wconf 88' lang='lat' dir='ltr'><strong>quippe</strong></span> <span class='ocrx_word' id='word_1_98' title='bbox 718 1631 840 1690; x_wconf 73' lang='lat' dir='ltr'><strong>coelitus</strong></span> <span class='ocrx_word' id='word_1_99' title='bbox 861 1630 964 1688; x_wconf 91' lang='lat' dir='ltr'><strong>dicitur</strong></span> <span class='ocrx_word' id='word_1_100' title='bbox 992 1625 1034 1690; x_wconf 76' lang='lat' dir='ltr'><strong>iv</strong></span> <span class='ocrx_word' id='word_1_101' title='bbox 1060 1623 1287 1705; x_wconf 69' lang='lat' dir='ltr'><strong>soleinnem,</strong></span> 
     </span>
     <span class='ocr_line' id='line_1_13' title="bbox 241 1727 1287 1808; baseline -0.012 -14"><span class='ocrx_word' id='word_1_102' title='bbox 241 1747 311 1794; x_wconf 80' lang='lat' dir='ltr'><strong>cum</strong></span> <span class='ocrx_word' id='word_1_103' title='bbox 332 1731 480 1807; x_wconf 75' lang='lat' dir='ltr'><strong>(proprior</strong></span> <span class='ocrx_word' id='word_1_104' title='bbox 501 1735 671 1808; x_wconf 86' lang='lat' dir='ltr'><strong>instructus,</strong></span> <span class='ocrx_word' id='word_1_105' title='bbox 691 1732 739 1790; x_wconf 86' lang='lat' dir='ltr'><strong>vd.</strong></span> <span class='ocrx_word' id='word_1_106' title='bbox 760 1732 799 1789; x_wconf 90' lang='lat' dir='ltr'><strong>ad</strong></span> <span class='ocrx_word' id='word_1_107' title='bbox 820 1747 846 1788; x_wconf 91' lang='lat' dir='ltr'><strong>c.</strong></span> <span class='ocrx_word' id='word_1_108' title='bbox 864 1731 893 1788; x_wconf 88' lang='lat'><strong>1.</strong></span> <span class='ocrx_word' id='word_1_109' title='bbox 921 1746 950 1788; x_wconf 80' lang='lat' dir='ltr'><strong>v.</strong></span> <span class='ocrx_word' id='word_1_110' title='bbox 963 1727 1013 1807; x_wconf 81' lang='lat' dir='ltr'><strong>ti.)</strong></span> <span class='ocrx_word' id='word_1_111' title='bbox 1035 1733 1165 1790; x_wconf 71' lang='lat' dir='ltr'><strong>olum</strong></span> <span class='ocrx_word' id='word_1_112' title='bbox 1184 1727 1287 1786; x_wconf 74' lang='lat' dir='ltr'><strong>meto-</strong></span> 
     </span>
     <span class='ocr_line' id='line_1_14' title="bbox 240 1823 1332 1912; baseline -0.008 -20"><span class='ocrx_word' id='word_1_113' title='bbox 240 1837 336 1912; x_wconf 84' lang='lat' dir='ltr'><strong>torto,</strong></span> <span class='ocrx_word' id='word_1_114' title='bbox 356 1835 376 1891; x_wconf 89' lang='lat' dir='ltr'><strong>i.</strong></span> <span class='ocrx_word' id='word_1_115' title='bbox 397 1851 423 1892; x_wconf 85' lang='lat' dir='ltr'><strong>c.</strong></span> <span class='ocrx_word' id='word_1_116' title='bbox 445 1835 586 1893; x_wconf 86' lang='lat' dir='ltr'><strong>eiusmodi</strong></span> <span class='ocrx_word' id='word_1_117' title='bbox 602 1847 677 1892; x_wconf 81' lang='lat' dir='ltr'><strong>voce</strong></span> <span class='ocrx_word' id='word_1_118' title='bbox 695 1834 784 1908; x_wconf 75' lang='lat' dir='ltr'><strong>longe</strong></span> <span class='ocrx_word' id='word_1_119' title='bbox 803 1833 915 1905; x_wconf 89' lang='lat' dir='ltr'><strong>lateque</strong></span> <span class='ocrx_word' id='word_1_120' title='bbox 934 1837 1119 1906; x_wconf 79' lang='lat' dir='ltr'><strong>personante,</strong></span> <span class='ocrx_word' id='word_1_121' title='bbox 1140 1843 1211 1904; x_wconf 88' lang='lat' dir='ltr'><strong>quae</strong></span> <span class='ocrx_word' id='word_1_122' title='bbox 1227 1823 1292 1896; x_wconf 81' lang='lat' dir='ltr'><strong>apud</strong></span> <span class='ocrx_word' id='word_1_123' title='bbox 1331 1872 1332 1884; x_wconf 69' lang='grc'>,</span> 
     </span>
     <span class='ocr_line' id='line_1_15' title="bbox 239 1927 1332 2010; baseline -0.005 -18"><span class='ocrx_word' id='word_1_124' title='bbox 239 1939 308 1992; x_wconf 82' lang='lat' dir='ltr'><strong>vett</strong></span> <span class='ocrx_word' id='word_1_125' title='bbox 327 1937 357 1992; x_wconf 90' lang='lat' dir='ltr'><strong>in</strong></span> <span class='ocrx_word' id='word_1_126' title='bbox 378 1951 432 1994; x_wconf 83' lang='lat' dir='ltr'><strong>nau</strong></span> <span class='ocrx_word' id='word_1_127' title='bbox 452 1937 524 2010; x_wconf 81' lang='lat' dir='ltr'><strong>ruit,</strong></span> <span class='ocrx_word' id='word_1_128' title='bbox 544 1936 593 1992; x_wconf 88' lang='lat' dir='ltr'><strong>ubl</strong></span> <span class='ocrx_word' id='word_1_129' title='bbox 613 1937 731 2010; x_wconf 67' lang='lat' dir='ltr'><strong>andin,</strong></span> <span class='ocrx_word' id='word_1_130' title='bbox 753 1937 785 1990; x_wconf 89' lang='lat' dir='ltr'><strong>ut</strong></span> <span class='ocrx_word' id='word_1_131' title='bbox 806 1933 1008 2007; x_wconf 73' lang='lat' dir='ltr'><strong>consentirent,</strong></span> <span class='ocrx_word' id='word_1_132' title='bbox 1028 1938 1127 1990; x_wconf 79' lang='lat' dir='ltr'><strong>castra</strong></span> <span class='ocrx_word' id='word_1_133' title='bbox 1146 1927 1295 1996; x_wconf 71' lang='lat' dir='ltr'><strong>deicerent,</strong></span> <span class='ocrx_word' id='word_1_134' title='bbox 1331 1967 1332 1970; x_wconf 20' lang='grc' dir='ltr'><strong>κ</strong></span> 
     </span>
     <span class='ocr_line' id='line_1_16' title="bbox 241 2035 1296 2109; baseline -0.003 -17"><span class='ocrx_word' id='word_1_135' title='bbox 241 2035 368 2092; x_wconf 88' lang='lat' dir='ltr'><strong>collectis</strong></span> <span class='ocrx_word' id='word_1_136' title='bbox 388 2037 518 2094; x_wconf 86' lang='lat' dir='ltr'><strong>omuibus</strong></span> <span class='ocrx_word' id='word_1_137' title='bbox 537 2037 592 2094; x_wconf 87' lang='lat' dir='ltr'><strong>lter</strong></span> <span class='ocrx_word' id='word_1_138' title='bbox 612 2035 807 2109; x_wconf 69' lang='lat' dir='ltr'><strong>conciperent,</strong></span> <span class='ocrx_word' id='word_1_139' title='bbox 826 2036 865 2094; x_wconf 88' lang='lat' dir='ltr'><strong>ad</strong></span> <span class='ocrx_word' id='word_1_140' title='bbox 884 2049 1011 2109; x_wconf 67' lang='lat' dir='ltr'><strong>pugnam</strong></span> <span class='ocrx_word' id='word_1_141' title='bbox 1033 2036 1237 2108; x_wconf 72' lang='lat' dir='ltr'><strong>properarent,</strong></span> <span class='ocrx_word' id='word_1_142' title='bbox 1255 2039 1296 2100; x_wconf 76' lang='lat' dir='ltr'><strong>pet</strong></span> 
     </span>
     <span class='ocr_line' id='line_1_17' title="bbox 239 2131 1332 2212; baseline -0.005 -18"><span class='ocrx_word' id='word_1_143' title='bbox 239 2137 341 2194; x_wconf 88' lang='lat' dir='ltr'><strong>ducem</strong></span> <span class='ocrx_word' id='word_1_144' title='bbox 363 2137 575 2212; x_wconf 83' lang='lat' dir='ltr'><strong>excitabantur,</strong></span> <span class='ocrx_word' id='word_1_145' title='bbox 600 2138 648 2196; x_wconf 79' lang='lat' dir='ltr'><strong>vel</strong></span> <span class='ocrx_word' id='word_1_146' title='bbox 668 2152 701 2194; x_wconf 91' lang='lat' dir='ltr'><strong>se</strong></span> <span class='ocrx_word' id='word_1_147' title='bbox 725 2137 782 2208; x_wconf 86' lang='lat' dir='ltr'><strong>ipsi</strong></span> <span class='ocrx_word' id='word_1_148' title='bbox 802 2139 897 2196; x_wconf 85' lang='lat' dir='ltr'><strong>mutuo</strong></span> <span class='ocrx_word' id='word_1_149' title='bbox 917 2137 1098 2212; x_wconf 74' lang='lat' dir='ltr'><strong>axcibbam,</strong></span> <span class='ocrx_word' id='word_1_150' title='bbox 1129 2134 1258 2212; x_wconf 71' lang='lat' dir='ltr'><strong>Tlurcpd</strong></span> <span class='ocrx_word' id='word_1_151' title='bbox 1272 2131 1300 2204; x_wconf 84' lang='grc'><strong>2,</strong></span> <span class='ocrx_word' id='word_1_152' title='bbox 1331 2179 1332 2210; x_wconf 74' lang='lat'><strong>,</strong></span> 
     </span>
     <span class='ocr_line' id='line_1_18' title="bbox 239 2225 1302 2316; baseline 0 -20"><span class='ocrx_word' id='word_1_153' title='bbox 239 2239 291 2296; x_wconf 86' lang='grc'><strong>92.</strong></span> <span class='ocrx_word' id='word_1_154' title='bbox 313 2238 681 2314; x_wconf 64' lang='lat' dir='ltr'><strong>connerinensem.</strong></span> <span class='ocrx_word' id='word_1_155' title='bbox 703 2241 722 2297; x_wconf 83' lang='lat' dir='ltr'><strong>l.</strong></span> <span class='ocrx_word' id='word_1_156' title='bbox 734 2241 781 2298; x_wconf 87' lang='lat' dir='ltr'><strong>ri.</strong></span> <span class='ocrx_word' id='word_1_157' title='bbox 799 2240 905 2316; x_wconf 80' lang='lat' dir='ltr'><strong>p.88.,</strong></span> <span class='ocrx_word' id='word_1_158' title='bbox 925 2251 1091 2311; x_wconf 84' lang='lat' dir='ltr'><strong>quanquam</strong></span> <span class='ocrx_word' id='word_1_159' title='bbox 1112 2237 1188 2298; x_wconf 77' lang='lat' dir='ltr'><strong>xri.</strong></span> <span class='ocrx_word' id='word_1_160' title='bbox 1208 2225 1302 2310; x_wconf 73' lang='grc' dir='ltr'><strong>(ἅπαξ</strong></span> 
     </span>
     <span class='ocr_line' id='line_1_19' title="bbox 239 2327 1305 2418; baseline -0.002 -22"><span class='ocrx_word' id='word_1_161' title='bbox 239 2327 411 2418; x_wconf 74' lang='grc' dir='ltr'><em>λεγόμενον</em></span> <span class='ocrx_word' id='word_1_162' title='bbox 430 2339 461 2396; x_wconf 88' lang='lat' dir='ltr'><strong>in</strong></span> <span class='ocrx_word' id='word_1_163' title='bbox 481 2339 520 2398; x_wconf 85' lang='grc' dir='ltr'><strong>Ν.</strong></span> <span class='ocrx_word' id='word_1_164' title='bbox 540 2339 593 2416; x_wconf 76' lang='lat' dir='ltr'><strong>F.)</strong></span> <span class='ocrx_word' id='word_1_165' title='bbox 608 2340 706 2404; x_wconf 69' lang='lat' dir='ltr'><strong>‚tetiam</strong></span> <span class='ocrx_word' id='word_1_166' title='bbox 726 2343 765 2398; x_wconf 90' lang='lat' dir='ltr'><strong>de</strong></span> <span class='ocrx_word' id='word_1_167' title='bbox 783 2342 848 2398; x_wconf 80' lang='lat' dir='ltr'><strong>aliis</strong></span> <span class='ocrx_word' id='word_1_168' title='bbox 868 2340 1008 2398; x_wconf 83' lang='lat' dir='ltr'><strong>eiusmodi</strong></span> <span class='ocrx_word' id='word_1_169' title='bbox 1029 2341 1159 2400; x_wconf 81' lang='lat' dir='ltr'><strong>vocibus</strong></span> <span class='ocrx_word' id='word_1_170' title='bbox 1179 2337 1305 2398; x_wconf 63' lang='lat' dir='ltr'><strong>metib-</strong></span> 
     </span>
     <span class='ocr_line' id='line_1_20' title="bbox 238 2437 1306 2516; baseline -0.004 -18"><span class='ocrx_word' id='word_1_171' title='bbox 238 2437 320 2498; x_wconf 79' lang='lat' dir='ltr'><strong>torus</strong></span> <span class='ocrx_word' id='word_1_172' title='bbox 350 2444 516 2513; x_wconf 84' lang='lat' dir='ltr'><strong>usurpatum</strong></span> <span class='ocrx_word' id='word_1_173' title='bbox 548 2445 607 2516; x_wconf 89' lang='lat' dir='ltr'><strong>est,</strong></span> <span class='ocrx_word' id='word_1_174' title='bbox 635 2457 665 2498; x_wconf 75' lang='lat' dir='ltr'><strong>r.</strong></span> <span class='ocrx_word' id='word_1_175' title='bbox 692 2455 718 2498; x_wconf 91' lang='lat' dir='ltr'><strong>o.</strong></span> <span class='ocrx_word' id='word_1_176' title='bbox 745 2442 782 2500; x_wconf 89' lang='lat' dir='ltr'><strong>de</strong></span> <span class='ocrx_word' id='word_1_177' title='bbox 806 2439 972 2500; x_wconf 81' lang='lat' dir='ltr'><strong>incitatione</strong></span> <span class='ocrx_word' id='word_1_178' title='bbox 998 2445 1162 2502; x_wconf 75' lang='lat' dir='ltr'><strong>nannum</strong></span> <span class='ocrx_word' id='word_1_179' title='bbox 1187 2439 1227 2498; x_wconf 91' lang='lat' dir='ltr'><strong>ad</strong></span> <span class='ocrx_word' id='word_1_180' title='bbox 1255 2449 1306 2494; x_wconf 87' lang='lat' dir='ltr'><strong>rerr</strong></span> 
     </span>
     <span class='ocr_line' id='line_1_21' title="bbox 238 2537 1313 2621; baseline 0.003 -22"><span class='ocrx_word' id='word_1_181' title='bbox 238 2555 319 2598; x_wconf 84' lang='lat' dir='ltr'><strong>suam</strong></span> <span class='ocrx_word' id='word_1_182' title='bbox 339 2544 456 2600; x_wconf 72' lang='lat' dir='ltr'><strong>suenus</strong></span> <span class='ocrx_word' id='word_1_183' title='bbox 481 2544 638 2618; x_wconf 82' lang='lat' dir='ltr'><strong>agendam,</strong></span> <span class='ocrx_word' id='word_1_184' title='bbox 665 2543 794 2602; x_wconf 62' lang='lat' dir='ltr'><strong>Meroe.</strong></span> <span class='ocrx_word' id='word_1_185' title='bbox 819 2545 890 2621; x_wconf 73' lang='lat' dir='ltr'><strong>Tyr.</strong></span> <span class='ocrx_word' id='word_1_186' title='bbox 912 2559 937 2602; x_wconf 86' lang='lat' dir='ltr'><strong>e.</strong></span> <span class='ocrx_word' id='word_1_187' title='bbox 957 2545 1010 2602; x_wconf 93' lang='grc'><strong>19.</strong></span> <span class='ocrx_word' id='word_1_188' title='bbox 1063 2544 1168 2614; x_wconf 74' lang='lat' dir='ltr'><strong>ouum</strong></span> <span class='ocrx_word' id='word_1_189' title='bbox 1186 2543 1272 2620; x_wconf 78' lang='lat' dir='ltr'><strong>sigua</strong></span> <span class='ocrx_word' id='word_1_190' title='bbox 1286 2537 1313 2594; x_wconf 75' lang='lat' dir='ltr'><strong>lt</strong></span> 
     </span>
     <span class='ocr_line' id='line_1_22' title="bbox 240 2633 1311 2723; baseline 0.002 -25"><span class='ocrx_word' id='word_1_191' title='bbox 240 2643 370 2702; x_wconf 85' lang='lat' dir='ltr'><strong>exercitu</strong></span> <span class='ocrx_word' id='word_1_192' title='bbox 396 2633 424 2700; x_wconf 88' lang='lat' dir='ltr'><strong>et</strong></span> <span class='ocrx_word' id='word_1_193' title='bbox 444 2659 518 2701; x_wconf 83' lang='lat' dir='ltr'><strong>voce</strong></span> <span class='ocrx_word' id='word_1_194' title='bbox 537 2645 661 2704; x_wconf 82' lang='lat' dir='ltr'><strong>humana</strong></span> <span class='ocrx_word' id='word_1_195' title='bbox 681 2649 711 2702; x_wconf 90' lang='lat' dir='ltr'><strong>et</strong></span> <span class='ocrx_word' id='word_1_196' title='bbox 729 2643 824 2702; x_wconf 85' lang='lat' dir='ltr'><strong>sonitu</strong></span> <span class='ocrx_word' id='word_1_197' title='bbox 842 2645 928 2702; x_wconf 88' lang='lat' dir='ltr'><strong>tubae</strong></span> <span class='ocrx_word' id='word_1_198' title='bbox 954 2645 1138 2723; x_wconf 84' lang='lat' dir='ltr'><strong>ederentur,</strong></span> <span class='ocrx_word' id='word_1_199' title='bbox 1165 2643 1237 2706; x_wconf 89' lang='lat' dir='ltr'><strong>illud</strong></span> <span class='ocrx_word' id='word_1_200' title='bbox 1263 2659 1311 2700; x_wconf 78' lang='grc' dir='ltr'><strong>κε·</strong></span> 
     </span>
     <span class='ocr_line' id='line_1_23' title="bbox 240 2737 1318 2830; baseline 0 -30"><span class='ocrx_word' id='word_1_201' title='bbox 240 2737 393 2821; x_wconf 66' lang='lat' dir='ltr'><strong>insinnare</strong></span> <span class='ocrx_word' id='word_1_202' title='bbox 413 2745 534 2814; x_wconf 87' lang='lat' dir='ltr'><strong>amplius</strong></span> <span class='ocrx_word' id='word_1_203' title='bbox 553 2747 710 2817; x_wconf 84' lang='lat' dir='ltr'><strong>explicatur</strong></span> <span class='ocrx_word' id='word_1_204' title='bbox 730 2747 796 2804; x_wconf 76' lang='lat' dir='ltr'><strong>vbb.</strong></span> <span class='ocrx_word' id='word_1_205' title='bbox 818 2741 858 2804; x_wconf 75' lang='lat' dir='ltr'><strong>ir</strong></span> <span class='ocrx_word' id='word_1_206' title='bbox 880 2745 995 2830; x_wconf 74' lang='grc' dir='ltr'><strong><em>φωνῇ</em></strong></span> <span class='ocrx_word' id='word_1_207' title='bbox 1019 2751 1083 2806; x_wconf 89' lang='lat' dir='ltr'><strong>etc.</strong></span> <span class='ocrx_word' id='word_1_208' title='bbox 1128 2751 1184 2810; x_wconf 82' lang='lat' dir='ltr'><strong>lix</strong></span> <span class='ocrx_word' id='word_1_209' title='bbox 1202 2761 1261 2804; x_wconf 88' lang='lat' dir='ltr'><strong>usu</strong></span> <span class='ocrx_word' id='word_1_210' title='bbox 1276 2743 1318 2800; x_wconf 90' lang='lat' dir='ltr'><strong>lo-</strong></span> 
     </span>
     <span class='ocr_line' id='line_1_24' title="bbox 239 2843 1319 2924; baseline 0.007 -25"><span class='ocrx_word' id='word_1_211' title='bbox 239 2843 345 2917; x_wconf 78' lang='lat' dir='ltr'><strong>quendi</strong></span> <span class='ocrx_word' id='word_1_212' title='bbox 364 2844 539 2902; x_wconf 80' lang='lat' dir='ltr'><strong>iudaeorum</strong></span> <span class='ocrx_word' id='word_1_213' title='bbox 560 2846 710 2922; x_wconf 85' lang='lat' dir='ltr'><strong>seriorum,</strong></span> <span class='ocrx_word' id='word_1_214' title='bbox 730 2847 778 2919; x_wconf 88' lang='lat' dir='ltr'><strong>qui</strong></span> <span class='ocrx_word' id='word_1_215' title='bbox 797 2851 925 2918; x_wconf 89' lang='lat' dir='ltr'><strong>tempore</strong></span> <span class='ocrx_word' id='word_1_216' title='bbox 941 2849 1063 2908; x_wconf 78' lang='lat' dir='ltr'><strong>exilium</strong></span> <span class='ocrx_word' id='word_1_217' title='bbox 1085 2851 1247 2924; x_wconf 80' lang='lat' dir='ltr'><strong>insequuto</strong></span> <span class='ocrx_word' id='word_1_218' title='bbox 1267 2857 1319 2920; x_wconf 75' lang='lat' dir='ltr'><strong>gt-</strong></span> 
     </span>
     <span class='ocr_line' id='line_1_25' title="bbox 239 2945 1323 3027; baseline 0.002 -25"><span class='ocrx_word' id='word_1_219' title='bbox 239 2945 349 3004; x_wconf 90' lang='lat' dir='ltr'><strong>niorum</strong></span> <span class='ocrx_word' id='word_1_220' title='bbox 370 2947 536 3006; x_wconf 86' lang='lat' dir='ltr'><strong>coelestium</strong></span> <span class='ocrx_word' id='word_1_221' title='bbox 555 2947 671 3006; x_wconf 82' lang='lat' dir='ltr'><strong>ordines</strong></span> <span class='ocrx_word' id='word_1_222' title='bbox 691 2949 788 3006; x_wconf 76' lang='lat' dir='ltr'><strong>varios</strong></span> <span class='ocrx_word' id='word_1_223' title='bbox 814 2952 844 3006; x_wconf 88' lang='lat' dir='ltr'><strong>et</strong></span> <span class='ocrx_word' id='word_1_224' title='bbox 863 2950 973 3008; x_wconf 84' lang='lat' dir='ltr'><strong>classes</strong></span> <span class='ocrx_word' id='word_1_225' title='bbox 994 2951 1249 3027; x_wconf 77' lang='lat' dir='ltr'><strong>distinguebant,</strong></span> <span class='ocrx_word' id='word_1_226' title='bbox 1273 2963 1323 3004; x_wconf 89' lang='lat' dir='ltr'><strong>au·</strong></span> 
     </span>
     <span class='ocr_line' id='line_1_26' title="bbox 238 3043 1321 3136; baseline 0 -32"><span class='ocrx_word' id='word_1_227' title='bbox 238 3047 298 3121; x_wconf 83' lang='lat' dir='ltr'><strong>geli</strong></span> <span class='ocrx_word' id='word_1_228' title='bbox 325 3047 372 3104; x_wconf 87' lang='lat' dir='ltr'><strong>his</strong></span> <span class='ocrx_word' id='word_1_229' title='bbox 398 3050 521 3124; x_wconf 81' lang='lat' dir='ltr'><strong>singulis</strong></span> <span class='ocrx_word' id='word_1_230' title='bbox 547 3051 696 3107; x_wconf 88' lang='lat' dir='ltr'><strong>ordinibus</strong></span> <span class='ocrx_word' id='word_1_231' title='bbox 725 3051 865 3136; x_wconf 81' lang='lat' dir='ltr'><strong>praetecu&#39;</strong></span> <span class='ocrx_word' id='word_1_232' title='bbox 892 3043 1168 3126; x_wconf 74' lang='grc' dir='ltr'><em>ἄρχάγγελοι</em></span> <span class='ocrx_word' id='word_1_233' title='bbox 1198 3049 1321 3125; x_wconf 84' lang='lat' dir='ltr'><strong>appella·</strong></span> 
     </span>
     <span class='ocr_line' id='line_1_27' title="bbox 238 3149 1325 3226; baseline 0 -20"><span class='ocrx_word' id='word_1_234' title='bbox 238 3151 356 3224; x_wconf 88' lang='lat' dir='ltr'><strong>bantur,</strong></span> <span class='ocrx_word' id='word_1_235' title='bbox 383 3149 464 3208; x_wconf 89' lang='lat' dir='ltr'><strong>hebr.</strong></span> <span class='ocrx_word' id='word_1_236' title='bbox 493 3155 577 3226; x_wconf 62' lang='lat' dir='ltr'><strong>*sinen</strong></span> <span class='ocrx_word' id='word_1_237' title='bbox 623 3151 719 3208; x_wconf 86' lang='lat' dir='ltr'><strong>Multa</strong></span> <span class='ocrx_word' id='word_1_238' title='bbox 745 3151 782 3210; x_wconf 89' lang='lat' dir='ltr'><strong>do</strong></span> <span class='ocrx_word' id='word_1_239' title='bbox 814 3153 850 3210; x_wconf 88' lang='lat' dir='ltr'><strong>iis</strong></span> <span class='ocrx_word' id='word_1_240' title='bbox 876 3151 980 3210; x_wconf 90' lang='lat' dir='ltr'><strong>babent</strong></span> <span class='ocrx_word' id='word_1_241' title='bbox 1006 3156 1168 3214; x_wconf 80' lang='lat' dir='ltr'><strong>vaticinia</strong></span> <span class='ocrx_word' id='word_1_242' title='bbox 1197 3151 1325 3216; x_wconf 71' lang='lat' dir='ltr'><strong>Donec</strong></span> 
     </span>
     <span class='ocr_line' id='line_1_28' title="bbox 238 3251 1325 3330; baseline 0.002 -24"><span class='ocrx_word' id='word_1_243' title='bbox 238 3265 266 3306; x_wconf 89' lang='lat' dir='ltr'><strong>c.</strong></span> <span class='ocrx_word' id='word_1_244' title='bbox 288 3265 313 3306; x_wconf 84' lang='lat' dir='ltr'><strong>o.</strong></span> <span class='ocrx_word' id='word_1_245' title='bbox 338 3254 370 3323; x_wconf 83' lang='lat'><strong>9,</strong></span> <span class='ocrx_word' id='word_1_246' title='bbox 387 3251 441 3310; x_wconf 87' lang='grc'><strong>21.</strong></span> <span class='ocrx_word' id='word_1_247' title='bbox 463 3252 518 3328; x_wconf 82' lang='grc'><strong>10,</strong></span> <span class='ocrx_word' id='word_1_248' title='bbox 538 3255 567 3308; x_wconf 81' lang='grc'><strong>5.</strong></span> <span class='ocrx_word' id='word_1_249' title='bbox 589 3254 832 3328; x_wconf 79' lang='grc'><strong>12.21.12,1.</strong></span> <span class='ocrx_word' id='word_1_250' title='bbox 868 3252 919 3311; x_wconf 90' lang='lat' dir='ltr'><strong>ubi</strong></span> <span class='ocrx_word' id='word_1_251' title='bbox 948 3253 1105 3317; x_wconf 72' lang='lat' dir='ltr'><strong>Michaeii</strong></span> <span class='ocrx_word' id='word_1_252' title='bbox 1148 3256 1325 3330; x_wconf 69' lang='lat' dir='ltr'><strong>paciscimur</strong></span> 
     </span>
     <span class='ocr_line' id='line_1_29' title="bbox 239 3349 1327 3434; baseline 0.001 -25"><span class='ocrx_word' id='word_1_253' title='bbox 239 3349 385 3426; x_wconf 79' lang='lat' dir='ltr'><strong>(Apocut</strong></span> <span class='ocrx_word' id='word_1_254' title='bbox 404 3353 465 3427; x_wconf 91' lang='grc'><strong>12,</strong></span> <span class='ocrx_word' id='word_1_255' title='bbox 486 3354 516 3408; x_wconf 79' lang='lat'><strong>7.</strong></span> <span class='ocrx_word' id='word_1_256' title='bbox 534 3351 638 3429; x_wconf 73' lang='lat' dir='ltr'><strong>epp),</strong></span> <span class='ocrx_word' id='word_1_257' title='bbox 666 3355 769 3427; x_wconf 83' lang='lat' dir='ltr'><strong>angelo</strong></span> <span class='ocrx_word' id='word_1_258' title='bbox 797 3354 910 3412; x_wconf 89' lang='lat' dir='ltr'><strong>tutelari</strong></span> <span class='ocrx_word' id='word_1_259' title='bbox 935 3355 1035 3427; x_wconf 83' lang='lat' dir='ltr'><strong>gentis</strong></span> <span class='ocrx_word' id='word_1_260' title='bbox 1066 3357 1248 3434; x_wconf 83' lang='lat' dir='ltr'><strong>Judaicae,</strong></span> <span class='ocrx_word' id='word_1_261' title='bbox 1278 3367 1327 3412; x_wconf 82' lang='lat' dir='ltr'><strong>curt</strong></span> 
     </span>
     <span class='ocr_line' id='line_1_30' title="bbox 238 3451 1328 3536; baseline 0.007 -28"><span class='ocrx_word' id='word_1_262' title='bbox 238 3453 333 3531; x_wconf 79' lang='lat' dir='ltr'><strong>geniis</strong></span> <span class='ocrx_word' id='word_1_263' title='bbox 359 3451 524 3510; x_wconf 72' lang='lat' dir='ltr'><strong>sceleribus</strong></span> <span class='ocrx_word' id='word_1_264' title='bbox 551 3453 670 3512; x_wconf 83' lang='lat' dir='ltr'><strong>aliarum</strong></span> <span class='ocrx_word' id='word_1_265' title='bbox 697 3456 825 3530; x_wconf 82' lang='lat' dir='ltr'><strong>gentium</strong></span> <span class='ocrx_word' id='word_1_266' title='bbox 858 3455 1020 3528; x_wconf 66' lang='lat' dir='ltr'><strong>micant,</strong></span> <span class='ocrx_word' id='word_1_267' title='bbox 1054 3459 1208 3536; x_wconf 83' lang='lat' dir='ltr'><strong>dignitas</strong></span> <span class='ocrx_word' id='word_1_268' title='bbox 1238 3453 1328 3518; x_wconf 72' lang='lat' dir='ltr'><strong>enini</strong></span> 
     </span>
     <span class='ocr_line' id='line_1_31' title="bbox 237 3551 1328 3644; baseline 0.01 -37"><span class='ocrx_word' id='word_1_269' title='bbox 237 3551 407 3610; x_wconf 80' lang='lat' dir='ltr'><strong>vudicatos.</strong></span> <span class='ocrx_word' id='word_1_270' title='bbox 451 3555 511 3611; x_wconf 77' lang='lat' dir='ltr'><strong>cir.</strong></span> <span class='ocrx_word' id='word_1_271' title='bbox 531 3556 633 3614; x_wconf 77' lang='lat' dir='ltr'><strong>sedne</strong></span> <span class='ocrx_word' id='word_1_272' title='bbox 653 3573 699 3629; x_wconf 83' lang='lat' dir='ltr'><strong>ep.</strong></span> <span class='ocrx_word' id='word_1_273' title='bbox 727 3573 755 3614; x_wconf 90' lang='lat' dir='ltr'><strong>o.</strong></span> <span class='ocrx_word' id='word_1_274' title='bbox 774 3559 804 3614; x_wconf 93' lang='grc'><strong>9.</strong></span> <span class='ocrx_word' id='word_1_275' title='bbox 826 3555 899 3616; x_wconf 78' lang='lat' dir='ltr'><strong>iiber</strong></span> <span class='ocrx_word' id='word_1_276' title='bbox 919 3557 1066 3616; x_wconf 73' lang='lat' dir='ltr'><strong>linteolos·</strong></span> <span class='ocrx_word' id='word_1_277' title='bbox 1090 3577 1125 3632; x_wconf 91' lang='lat' dir='ltr'><strong>p.</strong></span> <span class='ocrx_word' id='word_1_278' title='bbox 1144 3561 1231 3644; x_wconf 77' lang='grc'><strong>187.</strong></span> <span class='ocrx_word' id='word_1_279' title='bbox 1278 3560 1328 3618; x_wconf 77' lang='lat' dir='ltr'><strong>An</strong></span> 
     </span>
     <span class='ocr_line' id='line_1_32' title="bbox 237 3651 1309 3742; baseline 0.016 -33"><span class='ocrx_word' id='word_1_280' title='bbox 237 3651 313 3727; x_wconf 80' lang='lat' dir='ltr'><strong>gell,</strong></span> <span class='ocrx_word' id='word_1_281' title='bbox 333 3655 381 3726; x_wconf 86' lang='lat' dir='ltr'><strong>qul</strong></span> <span class='ocrx_word' id='word_1_282' title='bbox 402 3655 432 3712; x_wconf 89' lang='lat' dir='ltr'><strong>in</strong></span> <span class='ocrx_word' id='word_1_283' title='bbox 451 3655 523 3726; x_wconf 88' lang='lat' dir='ltr'><strong>ipsis</strong></span> <span class='ocrx_word' id='word_1_284' title='bbox 543 3658 720 3716; x_wconf 86' lang='lat' dir='ltr'><strong>sermonibus</strong></span> <span class='ocrx_word' id='word_1_285' title='bbox 741 3657 864 3732; x_wconf 83' lang='lat' dir='ltr'><strong>Christi,</strong></span> <span class='ocrx_word' id='word_1_286' title='bbox 890 3659 1000 3716; x_wconf 71' lang='lat' dir='ltr'><strong>biano</strong></span> <span class='ocrx_word' id='word_1_287' title='bbox 1021 3660 1090 3738; x_wconf 80' lang='grc'><strong>19,</strong></span> <span class='ocrx_word' id='word_1_288' title='bbox 1114 3665 1190 3724; x_wconf 87' lang='grc'><strong>41.</strong></span> <span class='ocrx_word' id='word_1_289' title='bbox 1211 3665 1276 3742; x_wconf 84' lang='grc'><strong>16,</strong></span> <span class='ocrx_word' id='word_1_290' title='bbox 1305 3672 1309 3683; x_wconf 75' lang='grc'><em>“</em></span> 
     </span>
     <span class='ocr_line' id='line_1_33' title="bbox 236 3749 1328 3844; baseline 0.013 -32"><span class='ocrx_word' id='word_1_291' title='bbox 236 3755 298 3831; x_wconf 85' lang='grc'><strong>24,</strong></span> <span class='ocrx_word' id='word_1_292' title='bbox 310 3757 362 3812; x_wconf 77' lang='grc'><strong>99.</strong></span> <span class='ocrx_word' id='word_1_293' title='bbox 373 3769 416 3829; x_wconf 81' lang='lat' dir='ltr'><strong>ap.</strong></span> <span class='ocrx_word' id='word_1_294' title='bbox 436 3760 492 3834; x_wconf 74' lang='grc'><strong>26,</strong></span> <span class='ocrx_word' id='word_1_295' title='bbox 506 3749 559 3817; x_wconf 79' lang='lat' dir='ltr'><strong>n&#39;t.</strong></span> <span class='ocrx_word' id='word_1_296' title='bbox 579 3761 678 3818; x_wconf 83' lang='lat' dir='ltr'><strong>More.</strong></span> <span class='ocrx_word' id='word_1_297' title='bbox 687 3760 722 3836; x_wconf 84' lang='grc'><strong>8,</strong></span> <span class='ocrx_word' id='word_1_298' title='bbox 732 3761 784 3816; x_wconf 78' lang='grc'><strong>28.</strong></span> <span class='ocrx_word' id='word_1_299' title='bbox 797 3761 851 3837; x_wconf 81' lang='grc'><strong>13,</strong></span> <span class='ocrx_word' id='word_1_300' title='bbox 862 3760 916 3818; x_wconf 84' lang='grc'><strong>26.</strong></span> <span class='ocrx_word' id='word_1_301' title='bbox 925 3771 969 3832; x_wconf 82' lang='lat' dir='ltr'><strong>ap.</strong></span> <span class='ocrx_word' id='word_1_302' title='bbox 990 3759 1082 3820; x_wconf 74' lang='lat' dir='ltr'><strong>nuc.</strong></span> <span class='ocrx_word' id='word_1_303' title='bbox 1097 3765 1141 3842; x_wconf 87' lang='grc'><strong>9,</strong></span> <span class='ocrx_word' id='word_1_304' title='bbox 1155 3769 1235 3844; x_wconf 57' lang='grc'><strong>26,</strong></span> <span class='ocrx_word' id='word_1_305' title='bbox 1265 3765 1328 3824; x_wconf 77' lang='lat' dir='ltr'><strong>Mer</strong></span> 
     </span>
     <span class='ocr_line' id='line_1_34' title="bbox 236 3855 1333 3934; baseline 0.005 -22"><span class='ocrx_word' id='word_1_306' title='bbox 236 3855 309 3913; x_wconf 86' lang='lat' dir='ltr'><strong>aiam</strong></span> <span class='ocrx_word' id='word_1_307' title='bbox 329 3855 495 3914; x_wconf 77' lang='lat' dir='ltr'><strong>sollenniter</strong></span> <span class='ocrx_word' id='word_1_308' title='bbox 515 3860 679 3917; x_wconf 88' lang='lat' dir='ltr'><strong>redeuntem</strong></span> <span class='ocrx_word' id='word_1_309' title='bbox 701 3859 860 3918; x_wconf 89' lang='lat' dir='ltr'><strong>comitaturi</strong></span> <span class='ocrx_word' id='word_1_310' title='bbox 885 3861 1036 3934; x_wconf 89' lang='lat' dir='ltr'><strong>dicuutur,</strong></span> <span class='ocrx_word' id='word_1_311' title='bbox 1069 3869 1113 3924; x_wconf 87' lang='lat' dir='ltr'><strong>ut</strong></span> <span class='ocrx_word' id='word_1_312' title='bbox 1136 3867 1251 3926; x_wconf 78' lang='lat' dir='ltr'><strong>iudici</strong></span> <span class='ocrx_word' id='word_1_313' title='bbox 1273 3885 1305 3924; x_wconf 73' lang='lat' dir='ltr'><strong>St</strong></span> <span class='ocrx_word' id='word_1_314' title='bbox 1322 3890 1333 3913; x_wconf 71' lang='lat' dir='ltr'><strong>o</strong></span> 
     </span>
     <span class='ocr_line' id='line_1_35' title="bbox 236 3957 1330 4040; baseline 0.005 -26"><span class='ocrx_word' id='word_1_315' title='bbox 236 3971 284 4014; x_wconf 90' lang='lat' dir='ltr'><strong>mo</strong></span> <span class='ocrx_word' id='word_1_316' title='bbox 303 3957 477 4032; x_wconf 83' lang='lat' dir='ltr'><strong>inserviant,</strong></span> <span class='ocrx_word' id='word_1_317' title='bbox 496 3958 527 4016; x_wconf 91' lang='lat' dir='ltr'><strong>ln</strong></span> <span class='ocrx_word' id='word_1_318' title='bbox 545 3959 603 4018; x_wconf 89' lang='lat' dir='ltr'><strong>boc</strong></span> <span class='ocrx_word' id='word_1_319' title='bbox 623 3974 754 4018; x_wconf 84' lang='lat' dir='ltr'><strong>sermone</strong></span> <span class='ocrx_word' id='word_1_320' title='bbox 773 3960 892 4018; x_wconf 84' lang='lat' dir='ltr'><strong>Paulino</strong></span> <span class='ocrx_word' id='word_1_321' title='bbox 921 3961 1022 4018; x_wconf 89' lang='lat' dir='ltr'><strong>turmis</strong></span> <span class='ocrx_word' id='word_1_322' title='bbox 1049 3965 1204 4027; x_wconf 83' lang='lat' dir='ltr'><strong>militurn</strong></span> <span class='ocrx_word' id='word_1_323' title='bbox 1230 3983 1330 4040; x_wconf 75' lang='lat' dir='ltr'><strong>compr</strong></span> 
     </span>
     <span class='ocr_line' id='line_1_36' title="bbox 235 4053 1324 4145; baseline 0.005 -31"><span class='ocrx_word' id='word_1_324' title='bbox 235 4061 352 4132; x_wconf 71' lang='lat' dir='ltr'><strong>mutuo,</strong></span> <span class='ocrx_word' id='word_1_325' title='bbox 380 4053 580 4138; x_wconf 72' lang='grc' dir='ltr'><strong>ἀρχάγγελος</strong></span> <span class='ocrx_word' id='word_1_326' title='bbox 601 4061 670 4118; x_wconf 91' lang='lat' dir='ltr'><strong>duci</strong></span> <span class='ocrx_word' id='word_1_327' title='bbox 689 4075 798 4120; x_wconf 73' lang='lat' dir='ltr'><strong>mmmo</strong></span> <span class='ocrx_word' id='word_1_328' title='bbox 818 4059 904 4120; x_wconf 87' lang='lat' dir='ltr'><strong>totius</strong></span> <span class='ocrx_word' id='word_1_329' title='bbox 923 4061 1082 4124; x_wconf 81' lang='lat' dir='ltr'><strong>exercitus</strong></span> <span class='ocrx_word' id='word_1_330' title='bbox 1120 4069 1266 4145; x_wconf 67' lang='lat' dir='ltr'><strong>[nsque</strong></span> <span class='ocrx_word' id='word_1_331' title='bbox 1291 4087 1324 4128; x_wconf 60' lang='grc' dir='ltr'><strong>ο.</strong></span> 
     </span>
     <span class='ocr_line' id='line_1_37' title="bbox 235 4157 1333 4238; baseline 0.004 -24"><span class='ocrx_word' id='word_1_332' title='bbox 235 4157 302 4214; x_wconf 85' lang='lat' dir='ltr'><strong>paui</strong></span> <span class='ocrx_word' id='word_1_333' title='bbox 321 4158 465 4233; x_wconf 87' lang='lat' dir='ltr'><strong>loquendi,</strong></span> <span class='ocrx_word' id='word_1_334' title='bbox 484 4173 539 4216; x_wconf 88' lang='lat' dir='ltr'><strong>nac</strong></span> <span class='ocrx_word' id='word_1_335' title='bbox 558 4159 646 4217; x_wconf 88' lang='lat' dir='ltr'><strong>indoli</strong></span> <span class='ocrx_word' id='word_1_336' title='bbox 666 4165 695 4218; x_wconf 90' lang='lat' dir='ltr'><strong>et</strong></span> <span class='ocrx_word' id='word_1_337' title='bbox 715 4165 834 4220; x_wconf 88' lang='lat' dir='ltr'><strong>naturae</strong></span> <span class='ocrx_word' id='word_1_338' title='bbox 853 4162 939 4220; x_wconf 89' lang='lat' dir='ltr'><strong>huius</strong></span> <span class='ocrx_word' id='word_1_339' title='bbox 959 4163 1206 4238; x_wconf 85' lang='lat' dir='ltr'><strong>descriptionis</strong></span> <span class='ocrx_word' id='word_1_340' title='bbox 1233 4186 1333 4228; x_wconf 85' lang='lat' dir='ltr'><strong>acco</strong></span> 
     </span>
     <span class='ocr_line' id='line_1_38' title="bbox 236 4257 1333 4339; baseline 0.016 -25"><span class='ocrx_word' id='word_1_341' title='bbox 236 4257 350 4316; x_wconf 70' lang='lat' dir='ltr'><strong>modm</strong></span> <span class='ocrx_word' id='word_1_342' title='bbox 370 4261 415 4320; x_wconf 82' lang='lat' dir='ltr'><strong>est</strong></span> <span class='ocrx_word' id='word_1_343' title='bbox 433 4273 533 4322; x_wconf 82' lang='lat' dir='ltr'><strong>eorum</strong></span> <span class='ocrx_word' id='word_1_344' title='bbox 552 4259 745 4333; x_wconf 85' lang='lat' dir='ltr'><strong>interpretatio</strong></span> <span class='ocrx_word' id='word_1_345' title='bbox 751 4303 761 4338; x_wconf 90' lang='lat'><strong>,</strong></span> <span class='ocrx_word' id='word_1_346' title='bbox 780 4263 829 4338; x_wconf 76' lang='lat' dir='ltr'><strong>qui</strong></span> <span class='ocrx_word' id='word_1_347' title='bbox 848 4264 898 4324; x_wconf 81' lang='lat' dir='ltr'><strong>vel</strong></span> <span class='ocrx_word' id='word_1_348' title='bbox 916 4263 1018 4326; x_wconf 80' lang='lat' dir='ltr'><strong>iesum</strong></span> <span class='ocrx_word' id='word_1_349' title='bbox 1044 4265 1246 4334; x_wconf 79' lang='lat' dir='ltr'><strong>Christum</strong></span> <span class='ocrx_word' id='word_1_350' title='bbox 1271 4289 1333 4339; x_wconf 64' lang='lat' dir='ltr'><strong>au:</strong></span> 
     </span>
    </p>
   </div>
   <div class='ocr_carea' id='block_1_3' title="bbox 0 0 1338 4944">
    <p class='ocr_par' dir='ltr' id='par_1_3' title="bbox 0 0 1338 4944">
     <span class='ocr_line' id='line_1_39' title="bbox 0 0 1338 4944; baseline 0 1"><span class='ocrx_word' id='word_1_351' title='bbox 0 0 1338 4944; x_wconf 95' lang='lat' dir='ltr'><strong> </strong></span> 
     </span>
    </p>
   </div>
  </div>
 </body>
</html>
