2802 4956
473 431 790 520 Prolegomenu.
1070 435 1074 450 '
1137 437 1161 504 9

99 603 343 672 eosverteudis.
388 602 455 678 Qui
477 623 574 692 quum
596 610 734 692 paratos
747 609 963 692 promusque
984 627 1023 676 se
1043 629 1159 694 gesse·

99 705 156 772 rint
174 709 217 772 ed
238 705 426 774 veritatem
450 704 595 777 divinam
617 706 883 792 agnoscendam,
912 713 949 773 et
976 704 1048 796 ipse
1071 709 1159 775 Pau·

96 805 141 874 lus
159 809 193 876 l.
212 807 265 872 sd
284 805 473 874 Thessala.
486 805 521 892 1,
543 802 579 873 9.
601 806 826 873 laetabundus
848 808 1014 894 exposuit,
1036 816 1070 876 et
1090 811 1158 877 Ln-

97 930 150 976 ιιι
169 909 325 977 breviter
346 914 495 973 testatus
517 915 571 975 est
590 909 681 976 Ace.
708 908 772 995 17,
792 907 831 976 4.
858 909 1002 995 probata
1028 911 1159 999 quidem

97 1009 231 1079 lectione
253 1011 290 1076 in
314 1010 456 1098 paneis,
483 1013 544 1078 sed
565 1009 806 1100 antiquissimis
829 1013 927 1076 codd.
949 1019 985 1077 et
1005 1014 1160 1080 versione

100 1112 182 1198 vulg.
211 1133 399 1200 expressas
428 1113 495 1178 τῶν
522 1138 557 1180 τι
588 1115 773 1202 σεβομένων
807 1115 878 1179 καὶ
908 1109 1051 1192 ἑλλὴνων
1079 1117 1164 1182 πολύ

102 1217 228 1295 stridor.
272 1213 460 1300 Scriptura
480 1213 601 1302 qnippe
621 1214 778 1301 vulgatu,
799 1214 953 1282 voeulem
975 1222 1043 1282 καὶ
1064 1219 1161 1284 omit·

100 1325 180 1403 less,
199 1337 363 1402 magnam
387 1323 517 1382 tantum
534 1317 787 1406 proselytorum
808 1339 854 1384 ex
870 1318 1058 1410 gennabus
1078 1319 1161 1387 mul·

99 1417 263 1486 titudinem
286 1420 333 1484 ed
357 1439 460 1486 saera
487 1417 681 1484 Christiana
700 1417 878 1484 transiisse
899 1420 1064 1508 perhibet.
1097 1421 1160 1488 At·

101 1527 217 1608 lumen,
245 1541 349 1608 quum
372 1519 507 1606 phrasis
529 1519 588 1586 illa
617 1516 789 1606 σεβόμενοι
816 1523 945 1603 illone,-
972 1522 1052 1590 elibi
1078 1545 1161 1590 nnn·

102 1643 190 1709 quesn
225 1619 412 1706 obveniet,
445 1619 546 1686 immo
583 1621 746 1708 proselyti
780 1625 897 1691 eodem
936 1623 1018 1712 Gap.
1047 1625 1161 1694 xvll.

105 1745 137 1787 ι.
157 1721 219 1787 17.
238 1722 435 1812 simpliciter
454 1721 667 1810 appellentur
688 1725 876 1809 σιβῐμινοι,
897 1727 1070 1810 praeferre
1091 1749 1162 1793 ma·

107 1819 160 1888 lin
183 1845 254 1890 eu·
285 1821 581 1916 Burgerhossdtsb
606 1821 654 1910 (in
689 1834 866 1893 eommeut.
899 1833 981 1892 notu
1009 1827 1042 1892 1.
1071 1827 1162 1895 lend.

101 1947 131 2012 p.
152 1921 211 1991 93.
232 1927 297 2014 sq.)
317 1925 503 1993 lectionem
524 1929 580 1993 scol
599 1919 751 2007 ι’λλήνωι,
771 1935 810 1995 ut
830 1927 1008 2015 proselyti,
1030 1925 1163 2018 σιβὸμε·

102 2053 164 2114 ιιι,
180 2029 307 2115 puriter
326 2035 431 2116 utque
447 2028 571 2116 pegeni
587 2028 657 2117 (qui
668 2030 840 2119 hueusque
853 2029 1018 2118 religione
1037 2031 1163 2118 pagani

101 2129 243 2215 luissent,
255 2131 402 2216 ἔλληνις)
410 2130 566 2217 permulti
575 2129 682 2197 Paulo
695 2139 730 2197 et
742 2130 836 2200 Silae
851 2155 951 2201 eures
964 2135 1162 2220 praebuisse

102 2232 255 2299 dieantur.
289 2231 366 2299 Nee
379 2231 554 2320 probabile
569 2239 634 2319 est,
647 2229 787 2311 Lucum,
799 2233 906 2300 nbide
924 2235 1105 2321 proselytis
1118 2238 1163 2302 ad

101 2333 338 2431 pruleffionem
356 2333 524 2419 evangelii
539 2333 789 2401 transeuntibus
804 2345 999 2424 exponeret,
1020 2340 1061 2403 de
1079 2337 1162 2424 ipsis

99 2434 272 2522 gestilibus
295 2435 380 2503 nihil
402 2436 584 2503 addidisse.
630 2436 796 2511 Quamdiu
825 2437 952 2504 Paulus
977 2437 1163 2504 Thessalo.

100 2539 189 2606 uisse
207 2547 371 2608 versutus
391 2538 513 2624 fuerit,
533 2561 600 2604 non
622 2540 815 2605 accuratius
844 2539 970 2607 definiit
996 2560 1162 2606 eommen·

104 2641 201 2708 terius
219 2642 354 2709 Luuee.
402 2641 472 2708 Per
493 2649 564 2707 tres
585 2641 718 2729 quidem
741 2641 814 2706 dies
836 2663 972 2726 saeros,
1001 2643 1054 2706 ἐπὶ
1079 2638 1163 2728 σάβ-

104 2747 182 2830 βσιι
219 2743 315 2834 τρία,
337 2743 372 2808 in
394 2763 571 2829 synagoga
592 2765 669 2810 eum
688 2743 840 2810 Judaee
861 2743 1064 2812 disseruisse
1085 2767 1163 2812 ner·

105 2855 206 2933 retur,
231 2847 324 2914 Aett.
358 2843 426 2921 17,
454 2843 490 2911 2.
540 2843 661 2913 Plures
689 2855 783 2914 uerte
811 2866 909 2935 quum
937 2846 1021 2912 duas
1047 2852 1163 2914 tresve

109 2949 321 3015 hebdomades
342 2945 544 3034 Apostolum
572 2945 608 3012 in
630 2947 694 3016 hee
716 2949 800 3015 urbe
827 2949 1037 3034 transegisse
1066 2957 1162 3033 puta-

111 3051 212 3116 verim.
250 3049 406 3134 Etenim,
427 3049 516 3136 qnod
537 3047 683 3134 Paulus,
712 3050 745 3115 in
767 3051 931 3116 eiusmodi
959 3049 1062 3114 urbes
1088 3070 1164 3136 pro·

117 3149 233 3232 testes,
252 3152 284 3215 iu
310 3148 434 3240 quibus
461 3155 498 3215 et
517 3147 642 3216 ludaei
671 3157 706 3216 et
727 3149 880 3217 Gentiles
911 3148 1084 3227 vivebant,
1114 3149 1163 3219 fa-

116 3271 186 3316 eere
204 3250 342 3339 solebat,
370 3257 409 3317 ut
429 3251 570 3338 primum
593 3249 725 3339 quidem
747 3252 899 3319 Judueos
922 3252 1050 3340 odiret,
1071 3264 1163 3343 post·

111 3351 183 3439 hse,
206 3351 405 3442 praesertim
434 3353 671 3420 infestantibus
701 3355 808 3441 ipsum
830 3353 986 3441 ludaeis,
1015 3357 1058 3422 ud
1080 3357 1161 3424 llth-

110 3455 192 3522 sieus
222 3480 298 3524 sese
339 3461 577 3542 converteret,
612 3454 700 3522 idem
733 3453 1002 3526 Thessalonicae
1037 3457 1163 3527 fecisse

110 3559 336 3626 &sumendus
365 3564 438 3643 est,
466 3555 528 3624 cfr.
556 3554 874 3638 Ace.17‚1-5.
923 3561 1091 3648 Itemque,
1119 3583 1163 3630 ex

111 3681 187 3730 ure
206 3683 268 3728 suo
290 3659 370 3726 aliis
395 3657 500 3744 loeis,
521 3658 578 3724 ubi
600 3658 725 3726 diutius
753 3659 952 3727 commorari
980 3664 1164 3730 constitue·

111 3771 169 3848 ιιι,
184 3765 368 3832 observato
395 3762 442 3846 (v.
465 3783 496 3827 o.
518 3759 670 3827 Corinthi
697 3769 733 3827 et
753 3761 896 3848 Ephesi,
922 3761 1015 3828 Aett.
1040 3760 1102 3846 18,
1126 3761 1163 3828 3.

113 3861 163 3930 ll.
184 3863 244 3953 19,
271 3863 510 3950 1⁰.)‚victom
531 3863 595 3929 sibi
618 3861 753 3951 suisque
774 3862 863 3929 inter
877 3859 1163 3930 Thessalonicen·

107 3985 152 4031 ses
170 3991 231 4036 suo
255 3963 428 4055 qnaesivit
448 3983 602 4030 munuum
624 3960 758 4051 labore,
782 3966 973 4032 exercende
994 3970 1068 4032 arte
1090 3974 1163 4034 ten·

106 4069 178 4136 teris
201 4064 417 4142 fabricandi,
445 4063 481 4131 Ι.
509 4065 674 4132 Thessall.
705 4065 742 4153 2,
764 4061 801 4132 9.
843 4065 904 4133 ΙΙ.
932 4066 1099 4134 Thenete.
1124 4067 1167 4156 ὃς

107 4166 133 4234 7.
151 4169 186 4238 8.
229 4167 404 4252 Aoeedit,
424 4167 514 4254 qnod
534 4167 568 4232 in
590 4190 641 4258 ep.
663 4165 715 4236 od
732 4167 887 4257 Philipp.
908 4165 948 4254 4,
973 4165 1036 4235 16.
1058 4177 1164 4236 testa-

104 4277 149 4337 tus
166 4282 239 4360 est,
259 4269 502 4359 Philippenses
529 4270 638 4360 ipsum
659 4269 930 4440 Thessalonieeq
946 4291 1164 4408 ⁸commoran-
