2802 4956
483 446 800 536 Prolegomcna.
1121 456 1172 524 17

101 619 274 689 Thessall.
290 616 485 708 epistolam,
507 617 596 686 haud
620 619 719 686 dubie
734 621 860 710 plures
880 616 1068 709 scripsisse.
1099 621 1169 696 Ve-

106 745 174 788 rum
193 725 392 806 enimvero,
422 743 488 809 qua
513 723 556 788 de
578 743 684 788 causa
705 721 832 790 Paulus
862 727 1047 794 cavendum
1072 738 1170 816 puta·

105 825 202 910 serit,
223 845 268 890 ne
292 825 389 890 sorte
412 822 594 889 christiani
621 843 684 910 per
705 824 880 911 epistolam
909 830 1075 916 quandam
1103 830 1169 918 ipsi

101 925 337 994 fraudulenter
362 923 570 1012 suppositam
593 926 636 990 ad
658 947 790 992 errores
811 931 1096 1015 perducerentur,
1118 931 1170 999 fa·

99 1029 163 1093 eile
184 1028 406 1113 intelligitur,
429 1027 458 1091 si
480 1025 708 1092 modo‘aemel
724 1029 885 1095 eiusmodi
902 1029 1058 1100 molimen
1079 1032 1171 1100 frau-

105 1130 272 1198 dulentum
311 1127 523 1214 experiundo
558 1129 759 1214 cognovisse
797 1133 1018 1200 existimetur.
1073 1133 1171 1210 Quae

106 1230 187 1298 cd.
205 1255 236 1298 r.
254 1229 323 1296 17.
348 1229 448 1295 dicits
480 1222 588 1296 ὅέστι
609 1235 743 1318 σημεῖον
765 1231 806 1298 ἐν
826 1229 938 1326 πάσῃ
961 1236 1172 1333 ἐπιστολῇ

102 1343 164 1400 etc.
185 1334 320 1422 absque
344 1331 469 1398 duritie
491 1331 542 1398 ita
563 1333 723 1419 explicari
745 1343 906 1422 possunt,
927 1342 966 1402 ut
984 1335 1171 1424 Apostolus

101 1433 153 1499 hia
171 1435 288 1502 serbis
319 1431 497 1501 eonsilium
519 1432 733 1523 profiteatur,
762 1436 1009 1524 inposterum,
1036 1443 1169 1528 quoties

102 1537 334 1602 meantum
359 1534 507 1621 duxerit,
530 1534 692 1621 epistolas
715 1559 795 1604 suas
817 1538 881 1606 hoc
895 1539 1089 1609 authentice
1111 1544 1169 1610 do·

104 1647 255 1704 curneuto
278 1635 497 1722 insigniendi.
541 1637 710 1722 Ceterum,
733 1640 798 1706 etsi
820 1640 981 1728 epistolas
999 1645 1043 1709 ad
1059 1644 1172 1712 Thes·

111 1739 187 1802 sall.
210 1759 293 1804 auno
308 1736 377 1804 52.
390 1745 425 1804 ct
440 1733 503 1802 53.
523 1735 574 1823 (A.
591 1735 643 1818 3.)
666 1739 812 1816 scriptas
835 1741 1073 1828 existimemus,
1092 1767 1170 1812 con.

115 1839 236 1906 eadm
254 1841 369 1928 utique
390 1858 588 1927 possumus,
608 1837 826 1928 Apostolum,
846 1839 1040 1930 priusquam
1061 1844 1173 1914 Thes·

105 1939 336 2008 salonicenses
363 1940 580 2025 institueret,
608 1942 694 2007 alias
720 1947 881 2032 quasdam
910 1966 1073 2011 exarasse
1102 1949 1171 2036 epi.

103 2041 216 2128 malas,
239 2047 285 2110 ad
309 2043 376 2106 hos
398 2040 519 2110 illosse
543 2042 693 2110 homines
716 2046 826 2130 datas,
848 2043 944 2112 nobis
963 2047 1170 2140 incogm'tue,

101 2143 133 2208 ia
154 2146 274 2233 quihus
299 2143 454 2210 eiusdem
476 2144 612 2228 σημείου
638 2166 735 2211 usum
764 2145 907 2214 faceret.
957 2145 1054 2222 Quas
1081 2151 1169 2222 Pau.

101 2246 153 2312 lus
177 2249 214 2314 1:
238 2245 415 2313 Thessali.
440 2244 474 2332 1,
494 2242 531 2310 Θ.
555 2247 598 2311 de
619 2245 712 2312 fama
732 2247 961 2334 persuasionis
983 2249 1170 2321 Thessalo·

100 2348 284 2414 nioensium
323 2345 538 2413 Christianae
570 2369 632 2436 per
667 2347 901 2415 Macedoniam
935 2357 971 2416 et
1003 2352 1170 2424 Achaiam

99 2447 196 2535 louge
216 2449 362 2536 lateque
386 2446 560 2533 divulgata
584 2448 777 2536 profitetur,
805 2450 970 2518 neminem
992 2452 1107 2522 iubent
1128 2459 1171 2526 de

99 2555 230 2617 serior-i
246 2549 354 2616 Pauli
377 2548 514 2636 itinere,
543 2559 622 2617 anta
645 2551 933 2636 consignationem
959 2551 1079 2622 harum
1101 2557 1171 2647 epi.

102 2653 262 2719 stolarum
285 2658 449 2737 suscepto
472 2651 633 2738 cogitare.
678 2653 788 2728 Quum
810 2653 955 2740 Paulus,
977 2675 999 2720 a
1017 2654 1170 2728 Thessa-

100 2752 334 2822 lonicensibus
355 2775 477 2819 recens
500 2753 673 2831 conversis
695 2754 883 2840 digressu,
906 2776 949 2822 cx
969 2753 1171 2828 Macedonia

102 2855 277 2942 Athenas,
317 2854 439 2921 deiude
475 2853 671 2922 Corinthum
712 2875 791 2923 sese
825 2856 1025 2926 contulisset
1058 2861 1170 2946 (Acte.

104 2977 133 3022 e.
148 2959 209 3044 17,
230 2983 264 3026 r.
283 2955 350 3022 10.
374 2991 417 3006 —-
439 2977 469 3020 c.
490 2955 552 3042 18,
573 2981 606 3024 s.
623 2958 694 3044 1.),
722 2965 757 3023 et
784 2955 818 3022 in
846 2956 918 3043 ipso
940 2957 1077 3046 itincre,
1106 2984 1170 3051 qno

103 3060 213 3125 serias
237 3059 405 3146 regiones
426 3056 648 3125 Macedoniae
671 3069 703 3125 et
718 3058 872 3127 Achaiae
894 3059 988 3142 obiit,
1010 3068 1046 3126 et
1065 3061 1171 3130 Athe·

111 3159 163 3222 ais
186 3171 280 3246 atque
303 3158 461 3226 Corinthi
490 3163 590 3248 (quas
618 3159 720 3225 urbes
748 3157 900 3223 homiues
920 3159 1095 3244 regionum
1123 3165 1171 3230 di·

114 3259 377 3329 renissinarnm
413 3261 507 3326 adire
542 3259 726 3348 solebant),
760 3278 968 3344 cognoscere
1001 3271 1171 3353 potuerat,

106 3373 307 3451 qaastspere
332 3361 444 3440 πίστις
457 3360 813 3430 Thessalonicensimn
836 3362 1045 3430 sermonibus
1067 3365 1171 3432 homi·

103 3485 177 3530 aum
189 3465 439 3531 celebraretur.
482 3463 636 3553 Denique
649 3463 805 3551 tempori,
828 3483 891 3551 quo
907 3463 1036 3530 l’anlus
1050 3470 1171 3554 prem

102 3565 176 3634 rice
196 3568 286 3635 inter
309 3564 641 3633 Thessalonicenses
663 3572 887 3631 commoratus
908 3564 1022 3652 iuuerit,
1045 3567 1171 3637 Schra-

103 3669 198 3737 derus
216 3687 337 3760 neque
361 3671 649 3748 accommodatum
678 3665 849 3734 existimat
873 3665 983 3733 locans
1009 3668 1044 3734 Ι.
1063 3670 1171 3737 Tlos·

104 3773 171 3840 dl.
191 3771 232 3860 ³,
255 3771 297 3839 4.
334 3775 390 3837 καὶ
418 3767 499 3860 γὰρ,
529 3763 583 3837 ὅτε
610 3766 692 3858 πρὸς
708 3763 799 3856 ὑμᾶς
830 3757 929 3857 ἦμεν,
957 3773 1173 3859 προελέγομεν

101 3866 186 3957 ἑμῐι,
219 3867 280 3942 ὅτι
310 3875 472 3960 μέλλομεν
492 3874 698 3958 θλίβεσθαι,
727 3868 846 3950 καθὼς
871 3873 927 3936 κοιλ
947 3872 1090 3958 ἐγένετο,
1116 3878 1173 3942 κοιλ

98 3977 227 4052 οἴδατε,
252 3995 385 4063 neque,
413 3975 500 4063 quod
521 3973 706 4062 Apostolus
730 3976 774 4040 ad
795 3973 951 4062 Philipp.
973 3970 1013 4059 4,
1030 3970 1091 4041 15.
1108 3975 1170 4045 16.

98 4085 260 4164 testatur,
284 4077 382 4142 initio
403 4075 665 4164 praedicationis
687 4075 866 4161 evangelii,
888 4091 988 4161 quum
1008 4073 1081 4161 ipse
1098 4075 1171 4144 llla·

99 4183 242 4246 cedunla
278 4179 496 4267 discederet,
534 4177 714 4246 ecclesiam
747 4177 997 4263 Philippensem
1029 4177 1199 4264 primam*

1 4213 3 4334 l
99 4279 225 4370 lause,
248 4301 340 4371 quae
361 4279 471 4369 ipsum
491 4281 636 4369 pecunia
656 4280 820 4348 mittenda
846 4275 1054 4366 sublevaret,
1080 4301 1172 4348 cam-
