2726 4956
251 467 408 558 Epistola
428 471 473 540 uo
494 468 649 544 odat..
679 445 776 545 cir
799 469 842 545 v.
857 467 977 548 e-o.
1076 471 1157 548 ooo

74 645 244 724 mdo,
271 659 346 721 puae
365 644 460 721 ipsum
480 645 555 707 inter
576 649 746 722 ceterosque
764 646 838 708 Jeru
855 646 970 726 legatos
990 653 1057 709 acts
1083 653 1155 711 iue-

73 753 159 824 raut,
179 763 266 822 quum
287 749 504 821 Hierosolymas
524 748 667 824 venisset,
693 766 723 808 v.
743 746 774 809 d.
800 751 839 810 ad
859 765 977 808 osusam
996 749 1083 810 innius
1101 753 1155 812 iti-

73 850 159 912 uaris
179 852 324 928 rediisse,
351 853 437 923 mque
458 851 496 908 de
515 849 554 908 iis
573 852 712 908 tratribus
732 851 832 928 salsis,
857 851 906 925 qui
925 850 956 910 in
977 855 1063 910 coam
1081 854 1155 913 Ao-

73 953 217 1012 tr'ociecno
236 951 420 1027 prodierant,
445 943 619 1022 exposmsso'
635 956 759 1026 putatur.
805 952 910 1026 Neque
933 950 1007 1010 haee
1034 935 1156 1012 durities

74 1053 164 1128 piane
183 1057 360 1130 removetur,
379 1051 407 1111 si
427 1066 494 1110 cum
513 1053 680 1128 Borgero
701 1053 871 1127 conieceris,
892 1053 1012 1111 forsitan
1033 1047 1154 1116 ἀνεθέ-

74 1173 144 1235 μην
164 1155 262 1228 potius
281 1169 320 1212 ex
339 1170 370 1212 v.
384 1150 415 1211 ἵ.
435 1168 521 1228 quem
541 1154 678 1213 remotius
696 1155 767 1214 iliud
787 1149 906 1234 ἀνέβην
927 1169 994 1214 esse
1013 1157 1154 1230 supplen-

75 1257 155 1314 dum.
204 1256 333 1330 Utroque
353 1256 428 1316 enim
447 1256 532 1314 modo
554 1269 666 1314 comma
685 1257 816 1334 tertium,
843 1270 900 1329 quo
929 1255 1069 1316 eiusmodi
1096 1259 1153 1317 ob-
1250 1237 1253 1242 ¹

73 1357 206 1416 servatio
227 1358 398 1433 enuntiatur,
418 1371 491 1430 quae
510 1355 588 1414 haud
608 1371 710 1430 parum
730 1359 810 1416 uniet
828 1357 867 1416 ad
887 1373 950 1416 rem
967 1359 1155 1434 probandam,

74 1459 127 1517 oui
152 1460 318 1532 probsudae
347 1458 422 1517 haee
448 1461 508 1516 tota
540 1458 678 1530 epistolae
708 1459 800 1517 sectio
832 1459 989 1532 praecipue
1011 1460 1154 1535 inserviit,

73 1575 180 1636 parum
201 1565 283 1620 recte
301 1558 482 1634 parenthesis
501 1557 623 1618 habetur
642 1559 735 1618 obiter
754 1560 861 1618 eddita.
909 1560 973 1618 Alii
993 1561 1153 1620 faciliorem

73 1663 199 1736 probaui
231 1662 345 1735 oiiipsin
375 1662 460 1720 cerii
491 1653 739 1735 ἠναγκάσθη
775 1674 812 1717 ex
839 1675 868 1718 v.
889 1659 921 1718 e.
948 1665 981 1718 ut
1015 1657 1055 1722 it
1080 1661 1110 1720 ir.
1130 1661 1151 1720 i.

73 1763 135 1820 vim
156 1762 263 1822 habeat
284 1762 449 1836 explicandi
469 1766 500 1821 et
524 1761 689 1820 accuratius
714 1761 866 1819 deiiniendi
893 1777 967 1835 quae
993 1775 1024 1818 u.
1044 1761 1075 1819 e.
1103 1761 1152 1820 le-

73 1867 200 1940 gmture
243 1865 327 1923 Titus
347 1864 451 1940 quippe
470 1879 524 1938 per
544 1866 650 1921 iratres
669 1862 761 1920 falsos
786 1865 1006 1939 propemodum
1032 1867 1152 1922 coaeum

73 1966 193 2040 idmst,
215 1982 241 2024 s.
260 1979 438 2042 magnopere
457 1964 626 2024 sollicitatus
647 1967 702 2040 est,
720 1968 752 2022 ut
773 1964 1023 2022 circumcisionem
1043 1965 1153 2022 admit-

72 2069 158 2126 teret.
199 2065 295 2126 Nimis
315 2069 465 2146 ambigue,
486 2068 602 2143 opinor,
625 2065 713 2126 immo
732 2067 857 2126 obscure
877 2065 1042 2139 scripsisset
1060 2063 1153 2140 Apo-

71 2169 182 2245 stolus,
208 2167 235 2228 si
261 2170 351 2228 verbo
377 2162 629 2248 ἀναγκάζεσθαι
652 2183 682 2226 r.
698 2163 729 2226 i.
755 2169 955 2228 subintellecto
981 2171 1151 2240 potestatem

70 2271 213 2328 tribueret
242 2271 279 2328 sb
311 2283 347 2328 ea
378 2268 543 2348 diversam,
575 2285 632 2345 quo
668 2283 698 2326 v.
714 2269 746 2328 θ,
778 2270 936 2328 dicebatur.
983 2269 1151 2330 Maluerunt

73 2370 276 2445 i'heophyi.
300 2370 487 2430 0ecumen.
515 2371 689 2430 'dheodon
719 2369 786 2447 (qui
804 2372 938 2430 voculam
960 2365 992 2430 ei
1011 2369 1090 2430 ui..
1110 2373 1149 2430 io.

72 2487 195 2545 prorsus
213 2473 378 2532 redundare
403 2473 564 2551 existimat)
596 2474 706 2532 initium
732 2487 837 2532 versus
857 2469 888 2529 d.
917 2472 956 2530 ad
981 2474 1072 2531 verba
1095 2488 1150 2531 re·-

74 2575 157 2631 ierre
174 2591 203 2632 v.
223 2574 254 2632 3.
281 2568 372 2636 οὐδὲ
398 2569 642 2655 ἠναγκάσθη
669 2573 699 2631 ir.
719 2587 744 2632 s.
771 2589 824 2646 per
843 2575 951 2632 iratres
970 2577 1067 2632 autem
1088 2574 1149 2632 ni-

74 2689 128 2734 sos
145 2675 299 2750 irreptitios
325 2692 382 2736 non
403 2671 523 2734 coactus
544 2679 588 2733 est
608 2675 777 2732 circumcidi
803 2673 994 2750 (iniqueque
1015 2689 1071 2736 non
1091 2691 1149 2749 po-

71 2780 189 2836 tuerrmt
213 2777 271 2836 hoc
298 2779 433 2852 eiicere,
461 2781 494 2834 ut
519 2777 592 2836 ritus
617 2777 759 2836 iudaicus
783 2775 815 2834 in
842 2776 907 2835 'lito
933 2779 1149 2855 perageretur).

71 2879 135 2938 Sed
155 2879 244 2938 iuciie
263 2883 355 2954 pstei,
376 2877 488 2936 cedetis
507 2879 750 2954 antecedentibus,
771 2893 854 2952 quam
874 2893 977 2950 parum
997 2879 1151 2951 perspicue
1272 2861 1280 2874 ’

71 2981 234 3054 aposolus
258 2981 316 3041 hoc
340 2980 469 3038 donnus
502 2981 723 3040 eurmtietionem
749 2995 854 3037 novam
881 2977 938 3035 irao
963 2979 1073 3037 ratione
1095 2979 1150 3056 jn-

71 3082 225 3142 eumen:
267 3073 336 3144 Aeo?
359 3077 393 3141 δὲ
421 3073 496 3146 τοὺς
517 3074 754 3160 παρεισάκτους
775 3082 830 3137 ete.
880 3079 1071 3138 scribentium
1090 3095 1161 3153 po-.

69 3185 127 3242 tius
154 3186 272 3243 rende
313 3185 397 3242 'iiius
424 3197 521 3241 eomes
545 3195 628 3239 meus
660 3195 716 3239 nec
746 3197 799 3254 per
829 3181 974 3254 apostolos
1006 3195 1062 3240 nec
1095 3197 1149 3254 per

71 3289 183 3344 iratres
203 3285 356 3359 irreptitios
378 3281 544 3343 eircumcidi
572 3285 690 3347 conotus
711 3285 765 3339 est.
814 3281 1026 3342 nestorion
1051 3282 1149 3342 verbis

72 3384 123 3454 ele
154 3381 228 3447 odoi
255 3390 310 3446 eto.
338 3386 436 3444 inesse
462 3383 574 3444 censuit
598 3383 728 3443 Winer
754 3381 792 3441 ad
821 3382 889 3441 inl.
918 3381 992 3458 (eir.
1021 3385 1150 3448 eiusdem

72 3491 269 3550 &mtto
289 3494 344 3548 ete.
364 3490 410 3548 ed.
428 3489 494 3547 ΠΙ.
514 3504 546 3562 p.
560 3486 645 3545 441.
664 3482 751 3561 app.)
778 3497 834 3557 quo
861 3483 984 3556 scriptor
1005 3483 1079 3543 duas
1100 3485 1150 3544 di-

70 3605 179 3648 versae
198 3591 354 3648 verborum
375 3588 601 3647 constructiones
623 3584 847 3660 commiscuerit,
872 3585 1006 3644 alteram:
1034 3591 1151 3659 propter

71 3694 184 3750 iratres
210 3691 301 3750 raison
321 3687 478 3762 irreptitios
499 3688 583 3746 'iiius
603 3703 659 3744 non
681 3691 798 3744 coactus
826 3689 870 3743 est
890 3687 1055 3746 circumcidi
1077 3686 1151 3763 (non

70 3793 210 3868 permisi,
228 3797 260 3850 ui
279 3790 394 3850 illorum
415 3805 505 3848 censa
525 3787 574 3848 irie
595 3790 668 3846 ritus
687 3788 912 3864 perageretur),
934 3786 1067 3846 niteram:
1089 3787 1152 3844 'ira-

70 3897 167 3954 tribus
187 3893 270 3950 ideis
289 3891 346 3951 hac
365 3892 396 3952 in
422 3907 456 3950 re
476 3889 554 3950 nulio
574 3873 660 3948 modo
680 3889 839 3946 cedentium
861 3889 969 3958 putavi.
1013 3888 1151 3954 Similiter

68 3996 155 4055 Frid.
176 3993 295 4054 Rinok
320 3994 351 4054 in
371 3993 392 4051 i.
413 3993 582 4052 lemnado
603 3994 708 4050 critica
735 3993 768 4048 in
794 3988 874 4048 Aeto
900 3987 981 4062 App.
1011 3991 1153 4062 epistolae

69 4099 183 4160 cathol.
204 4101 234 4156 et
254 4097 344 4154 Pout.
364 4093 508 4168 Basileae,
527 4091 622 4149 183⁰.
641 4107 669 4164 p.
685 4089 771 4147 iiic
791 4086 909 4165 ,incipit
929 4087 1019 4148 oratio
1040 4081 1095 4150 ded
1119 4085 1152 4152 ot

74 4192 157 4264 τοὺς
179 4190 417 4274 παρεισάκκσυα
430 4189 563 4276 worded.
578 4197 607 4251 ei
627 4193 710 4250 solita
731 4191 940 4249 constructione
959 4191 1040 4264 sequi
1061 4209 1153 4264 opor.

71 4303 151 4364 ieret
171 4293 234 4362 οὒκ
255 4291 402 4383 rigante,
428 4296 482 4360 sed
502 4295 634 4373 longiore
658 4292 821 4368 parenthesi
846 4291 1012 4440 Ισῑαῦηᾶοεῆσ
1044 4309 1153 4366 prono-
