2704 4954
181 405 337 498 llpistola
357 407 401 476 ad
424 406 578 478 Galatas.
622 407 661 476 o.
683 407 725 476 V.
759 408 798 480 V.
816 409 964 482 7-12
1028 409 1106 480 udi

32 583 153 662 passiva
174 584 323 662 tribuatur,
342 598 431 660 quum
450 581 591 644 eiusmodi
611 597 682 644 usus
699 579 802 660 futuri
818 587 910 648 medii
922 603 979 648 uon
998 587 1108 648 mior-

31 693 99 748 reat
119 706 140 747 a
160 687 316 748 rationibus
335 685 454 762 linguae
473 699 611 762 grecae,
631 688 686 746 ctr.
706 688 831 750 Winer
853 691 1107 752 armantiteic.

33 794 82 850 ed.
102 792 168 850 111.
192 807 224 865 p.
244 789 328 864 210,
353 793 381 846 et
407 793 560 846 comment.
587 787 626 844 ad
657 785 688 846 ln.
713 787 749 868 1.]
801 790 939 850 Similiter
969 789 1108 852 hother

33 891 167 950 Calvia
193 893 366 950 Erasmus
391 888 442 946 alr
468 889 575 946 utinam
601 888 649 948 lstl
673 889 760 964 plene
780 893 973 966 exstirpentur
1000 911 1023 952 s.
1050 908 1109 968 pe-

31 991 131 1052 reunti
181 992 302 1065 Utrique
328 991 365 1049 de
391 987 472 1048 hebr.
500 989 629 1066 cogitant
658 1002 743 1083 τῆς,
771 991 855 1052 cuius
880 996 983 1054 torma<
1000 993 1110 1068 Niphal

29 1111 79 1167 pr.
101 1093 248 1170 abscindi,
273 1092 403 1170 succidi,
429 1087 514 1149 ctiam
541 1091 579 1150 de
599 1091 636 1150 iis
656 1091 715 1151 dic.
740 1107 815 1167 quaa
840 1095 954 1154 omuino
980 1097 1016 1156 ab
1043 1094 1109 1156 allis

28 1197 243 1272 seiunguutur‚
272 1195 339 1254 Jua.
358 1194 402 1274 4,
423 1194 455 1251 7.
483 1207 557 1266 puae
589 1193 729 1252 violenter
758 1201 942 1257 removentur
972 1199 1107 1258 Zocdor.

32 1300 98 1377 14,
113 1301 145 1358 2.
168 1311 241 1374 quae
262 1297 481 1372 exstiuguuntur
504 1295 610 1356 cenea
627 1294 745 1374 o,11.‚
773 1297 850 1356 uode
870 1299 996 1359 turmula
1022 1313 1108 1358 com-

30 1397 196 1457 minationis
216 1396 246 1454 iu
267 1395 460 1456 Pentateucho
480 1397 644 1470 frequenter
665 1396 808 1455 obvia
773 1409 866 1478 5555
884 1401 979 1486 55555
1002 1411 1107 1494 55555

34 1511 97 1562 *r
80 1512 167 1580 555,
199 1515 282 1572 quiam
304 1497 502 1558 desectus·
530 1500 615 1564 debr
625 1499 805 1560 -deutaciier
824 1477 1105 1562 Houdrodrieriucd

37 1602 146 1662 iuti.
167 1603 231 1660 eud.
253 1601 322 1662 1ο.
343 1600 380 1657 de
398 1597 538 1674 supplicio
558 1567 578 1687 d
578 1601 643 1686 cht
661 1595 877 1678 intelligendam
893 1617 968 1662 esse.
992 1601 1106 1682 [LXX.

31 1704 149 1776 quidem
172 1701 314 1760 eiusmodi
332 1700 404 1760 locis
425 1714 567 1774 uunquam
571 1615 727 1758 halent'
705 1720 865 1762 anesum.
879 1704 933 1762 sed
954 1703 1029 1762 allas
1049 1718 1109 1762 ro-

35 1823 105 1880 cus,
125 1802 294 1878 praesertim
316 1795 565 1880 lioiodpsrlurj.
607 1799 719 1860 Verum
738 1803 946 1882 enimvero‚sl
968 1804 1032 1864 vbi).
1052 1801 1111 1864 lruc

31 1921 124 1966 seusu
150 1905 315 1980 acceperis:
339 1905 446 1962 utinam
466 1901 654 1962 excludantur
680 1918 705 1964 a.
725 1905 879 1962 aecedautl
906 1904 1010 1966 iterum
1036 1921 1110 1965 sea·

33 2007 124 2066 teutia
148 2011 268 2082 apparet
294 2003 389 2064 miuus
416 2003 499 2062 tortis
527 2019 565 2062 ac
584 2003 699 2082 vivida,
725 2021 809 2080 quana
834 2011 1018 2080 exspectetur
1043 2011 1111 2080 post

30 2125 101 2168 voe.
129 2104 200 2186 aei,
225 2121 280 2166 uec
301 2107 372 2166 satis
397 2110 465 2180 apte
491 2107 612 2178 positum
639 2093 775 2192 ὄφελον,
799 2106 941 2182 aiqrddem
968 2107 1111 2169 riumodi

30 2210 167 2270 exclusio
186 2210 250 2270 sive
271 2208 399 2268 secessio
427 2207 541 2266 minime
568 2205 726 2268 existimari
752 2212 865 2282 poterat
892 2226 941 2268 res
966 2225 1110 2284 uunquam

32 2315 126 2372 tacite
155 2316 295 2372 eventura
323 2309 395 2386 (cir.
422 2307 614 2393 Hermatnnl
647 2311 762 2370 observ.
787 2326 877 2384 supra
903 2311 1009 2390 laad).
1058 2313 1110 2370 Sia

33 2421 152 2472 uertere
172 2411 323 2488 malueris:
339 2411 446 2468 utinam
466 2409 597 2484 pereunti
618 2427 740 2484 poenam
753 2413 873 2472 subeant
887 2413 1110 2474 atrocissimam!

33 2529 185 2588 opponere
205 2515 286 2590 licet,
306 2511 491 2588 Apostolum,
519 2510 544 2568 sl
565 2509 641 2570 hauc
661 2513 829 2572 seutsndam
848 2515 943 2572 ammo
969 2514 1112 2590 volveret,

29 2633 94 2676 non
122 2609 374 2696 ἀποκόψονται,
401 2613 453 2672 sed
483 2611 567 2670 dnm
600 2613 753 2672 formulam
778 2617 981 2688 usurpatorum
1008 2615 1112 2690 subse,

30 2723 62 2781 1.
86 2716 423 2795 Cerr.1u,22.t,u.
470 2711 636 2773 Malueruut
666 2715 727 2774 intt
762 2716 886 2792 antiqui,
918 2715 1111 2790 chrysost.

32 2818 216 2878 Theodor.
239 2815 436 2890 'dheophyl
467 2813 606 2874 Oecum.
633 2816 797 2878 Ambros.
823 2819 966 2878 Hieron.
989 2832 1109 2894 quorum

28 2927 136 2997 partes
156 2918 310 2979 Grotius
339 2917 483 2977 Semier
503 2917 648 2978 Cramer
675 2919 857 2980 wetsteiu
884 2913 1008 2994 Koppe
1033 2917 1111 2976 iio·

27 3021 244 3084 seomillier
270 3020 434 3080 iiiickert
461 3018 639 3082 Matthias
663 3011 834 3094 aequantur,
857 3019 914 3078 hoc
936 3013 1050 3078 uiuos.
1073 3017 1111 3078 da

27 3123 200 3185 resectione
223 3123 399 3198 partialium
425 3120 623 3197 interpretari,
647 3119 688 3179 ita
718 3124 749 3178 ut
774 3121 947 3194 Apostolus,
980 3119 1110 3180 alludens

26 3227 73 3285 ad
97 3224 345 3284 circumcisionem
366 3224 403 3283 ab
422 3223 480 3284 illis
501 3222 662 3282 hominium
688 3222 896 3281 studiosissime
923 3221 1111 3280 commcnda-

29 3333 96 3386 tam
117 3323 176 3382 hoo
197 3325 252 3383 sibi
272 3325 400 3384 voluisse
420 3324 614 3384 existimeturr
640 3339 694 3396 per
719 3338 766 3382 me
792 3337 848 3380 noo
874 3323 958 3381 modo
980 3321 1111 3380 circum-

29 3429 176 3486 cisiouem
198 3425 334 3501 subeant,
355 3425 406 3484 sed
429 3427 529 3502 ctiam,
550 3426 575 3484 si
596 3425 751 3499 voluerint,
771 3439 805 3484 se
825 3422 880 3498 ipsi
900 3425 1031 3482 mutilent
1050 3437 1113 3500 ge-

27 3527 174 3590 nitalibus
194 3526 374 3586 resecandis!
422 3529 488 3586 dioc
509 3525 585 3586 euim
605 3543 693 3586 seusu
719 3519 986 3606 ἆτιοκεκομμίνοο
1012 3525 1112 3601 (hebr.

20 3628 132 3722 '15AE
161 3630 260 3718 nt¹i5)
282 3627 358 3702 apud
385 3625 484 3688 LXX.
505 3629 629 3688 Denter.
641 3630 740 3708 252
762 3627 800 3684 de
820 3641 855 3684 eo
876 3626 1043 3703 adhibetur,
1062 3623 1112 3684 cul

27 3747 115 3790 vana
135 3730 279 3788 samimiis
300 3723 387 3788 luerit
407 3729 509 3806 incisa,
530 3743 603 3804 quae
623 3729 738 3804 species
758 3727 812 3786 tuit
834 3727 1023 3787 casuationls.
1060 3729 1112 3784 Si-

29 3833 144 3893 militer
174 3823 424 3892 ἀποκόπτεσθαι
450 3829 523 3892 Arr.
557 3832 687 3891 diruerit.
719 3831 831 3905 Epiri!
849 3833 883 3908 2,
902 3833 956 3889 20.
982 3829 1111 3890 notua

28 3933 178 3996 Eurrucli.
217 3947 243 3991 ο.
263 3933 296 3990 8.
323 3931 444 4006 aliisque
474 3930 546 3990 locis
577 3931 654 4004 apud
690 3933 865 3990 wetsten.
897 3928 993 3988 laudd.
1042 3929 1110 3987 Nou

31 4033 210 4118 dubitamus,
231 4029 307 4092 lrauc
327 4033 473 4106 interpret.
495 4031 600 4092 ceteris
620 4031 749 4092 omuibus
766 4034 923 4106 praeferre,
945 4035 1114 4088 accommo-

32 4131 216 4194 datissimum
244 4136 347 4208 quippe
372 4128 506 4206 potestati
534 4133 787 4210 (suprascriptio.)
815 4133 954 4190 formulae
980 4123 1114 4206 ὄφελον,
1237 4125 1242 4134 ’

32 4237 161 4296 voculae
183 4237 303 4312 augenti
325 4233 397 4306 aui,
419 4235 503 4298 nexui
525 4235 648 4308 denique
668 4236 754 4292 totius
776 4229 923 4306 sermonis,
944 4233 1113 4292 detentores

855 4323 908 4394 :36
