2718 4952
245 425 328 498 466
450 426 605 515 Epistola
626 428 670 494 ed
695 423 850 494 Geletos.
872 423 988 495 still.
1008 423 1122 496 Mil.

247 605 360 666 Mune
385 619 458 664 ease.
505 603 668 664 Sententiae
698 603 853 664 Mediator
883 603 1004 679 quidem
1025 617 1086 662 ooo
1112 599 1164 662 otti
1187 605 1301 662 tantun·

248 697 425 784 (σίσσσσσσσ
445 705 642 782 immutabili)
662 707 802 764 odedietua
828 710 873 764 eet
898 705 1006 765 bomini
1029 722 1053 764 a.
1079 705 1196 780 perti,i.
1217 720 1239 762 e
1260 705 1281 760 ir

248 808 358 882 quavis
371 824 462 866 causa
480 807 605 864 bumana
631 820 706 880 quae
731 806 890 864 nmiuore
907 807 1021 884 indiget
1050 809 1127 866 derue
1150 811 1220 864 uerte
1239 806 1283 861 ed-

248 911 314 970 sunt
332 916 437 986 portes
458 909 560 983 quibus
579 905 705 986 μεσίτης
730 907 885 986 inserviat,
911 907 976 969 sive
996 924 1045 968 res
1064 907 1134 968 inter
1153 909 1218 966 duos
1232 913 1285 963 tau-

245 1014 308 1088 tum
339 1009 471 1069 homines
503 1009 635 1086 singulos
666 1010 843 1086 transigatur
873 1010 939 1070 sive
967 1009 1114 1068 multitudo
1144 1008 1179 1068 eit
1204 1007 1285 1080 ingens
1337 1045 1338 1096 l

250 1127 350 1172 eorum
376 1111 426 1187 qul
450 1112 614 1179 ulterutram
639 1111 689 1170 vel
714 1113 1000 1185 utramquepartem
1027 1111 1191 1170 oonstitmnt
1215 1109 1286 1182 (nn
1337 1117 1338 1134 ί

249 1215 390 1292 popurus)
414 1245 449 1258 -
472 1213 644 1285 ninnium
671 1214 758 1272 nmmo
784 1213 866 1272 nuru
890 1215 1023 1272 σωσσσ
1043 1210 1171 1286 sonem
1191 1208 1288 1282 nmio-
1337 1193 1338 1222 ¹

249 1331 302 1388 pes
321 1319 390 1373 sunt
409 1319 439 1372 et
457 1315 527 1372 nunt
550 1315 735 1388 (praesertim
756 1315 806 1373 ubi
824 1314 950 1372 maxima
965 1295 1201 1388 est'sitgulo'run
1219 1310 1290 1366 riets-

248 1417 358 1490 situdo,
389 1415 456 1484 dum
477 1417 596 1474 mortuis
615 1415 777 1472 suooedunt
800 1417 943 1492 posteri),
967 1417 1057 1475 neus
1083 1416 1179 1488 etiam,
1202 1410 1289 1468 munis

249 1516 408 1576 animorum
429 1517 557 1576 oonsiliis
576 1519 664 1590 atque
682 1516 851 1592 propositis,
870 1519 975 1576 toedus
994 1521 1121 1576 mutatur
1139 1517 1186 1573 aut
1202 1513 1291 1572 totlitur.

249 1615 361 1706 μεσίτῃ
383 1617 466 1678 ouius
485 1633 541 1692 ope
562 1619 746 1678 eonstitutum
765 1621 862 1676 tuerat
875 1618 953 1678 baud
968 1619 1142 1692 impediente
1154 1647 1186 1658 -
1199 1611 1291 1686 proinde

250 1734 289 1778 ex
309 1735 345 1778 eo
364 1719 494 1797 quidem,
525 1721 602 1796 quod
627 1720 677 1779 lex
702 1719 840 1778 sinaitica
865 1715 904 1781 tr
923 1723 1037 1798 χειρὶ
1063 1714 1218 1800 μεσίτου
1239 1729 1293 1784 uro-

251 1820 380 1897 mulget»
399 1825 444 1880 est
465 1820 614 1899 (v.19.),
635 1821 854 1895 denespion,
880 1823 1083 1880 auctoritatem
1108 1820 1136 1878 ei
1161 1821 1293 1888 oompetuo

249 1927 417 1994 perpetuam
440 1923 503 2001 [bis
522 1925 588 1982 vbb
609 1922 718 1982 Paulus
738 1923 888 1998 corrigere
912 1924 1004 1983 voluit
1031 1937 1199 1996 perversm
1221 1929 1295 1974 eoum

249 2022 427 2102 opinionem,
456 2024 506 2098 qui
524 2021 555 2082 in
576 2023 758 2100 defendendo
781 2025 858 2100 legis
882 2027 1055 2089 auotoritate
1079 2027 1239 2098 perpetuum
1254 2031 1296 2072 vo-

248 2123 335 2182 liturs
354 2125 393 2183 ad
412 2141 566 2198 perennem
578 2117 683 2184 'Moris
707 2126 874 2186 mediatoris
898 2127 1111 2204 provocarent]
1138 2155 1172 2172 ·-
1193 2127 1298 2182 utrum

250 2225 336 2284 ben
355 2232 400 2284 eat
419 2241 514 2304 unua,
534 2225 584 2299 qui
602 2240 718 2299 semper
737 2227 813 2286 idem
834 2233 929 2286 manet
948 2231 1029 2288 Deus
1050 2225 1235 2298 immunius,
1249 2223 1299 2276 idi·

250 2325 305 2382 dus
325 2325 515 2402 legislationis
537 2326 638 2384 sinain
663 2341 721 2384 non
741 2327 797 2385 rut
816 2327 959 2388 humanae
984 2332 1040 2389 sed
1062 2331 1179 2388 divinoe
1197 2319 1299 2382 sudori-

249 2423 329 2502 tetin,
355 2441 449 2500 neque
468 2428 505 2486 ab
525 2427 642 2486 mortno
662 2425 807 2522 bominum
827 2431 881 2488 sed
900 2447 920 2488 a
940 2432 1092 2490 voluntate
1112 2422 1300 2502 Deipendebd

249 2527 441 2588 musonius.
478 2529 534 2590 His
553 2529 763 2603 perpendendis
783 2533 910 2606 quaestio
930 2533 1116 2592 excitabatur
1137 2527 1260 2608 (uiti,
1275 2537 1300 2577 rr

250 2631 327 2686 torte
351 2627 426 2688 haee
450 2629 593 2706 legislatio
620 2631 761 2690 Sinaittoa
785 2633 955 2694 auctoritate
981 2637 1092 2694 &nim
1116 2633 1234 2710 heigois
1255 2631 1302 2700 ipro
1338 2673 1339 2694 r

251 2728 318 2788 Deo
338 2729 458 2790 totoue
485 2732 702 2807 promissionem
728 2733 876 2794 Abraemo
902 2737 998 2794 datum
1024 2735 1172 2794 eiusmodi
1194 2729 1302 2792 timidod
1338 2695 1339 2784 l

251 2829 490 2896 olroumseribere
518 2833 663 2910 (mutere)
691 2833 832 2910 voluerit,
859 2839 972 2896 utnon
999 2839 1131 2910 amplius
1157 2839 1230 2894 esset
1251 2844 1303 2903 pro-

249 2929 351 2990 missio
372 2933 456 2992 ouius
475 2940 597 2993 eventus
616 2935 725 2994 tiberne
750 2939 858 2996 tantum
879 2939 933 2998 liei
957 2941 1078 3016 gratiae
1106 2925 1302 2998 edneotereurl

250 3031 419 3109 nunquan
439 3037 525 3094 etiam
545 3034 621 3094 been
639 3037 786 3111 interpret.
805 3041 938 3116 posunt,
956 3044 990 3099 ut
1009 3043 1154 3100 nonnulle
1173 3037 1304 3110 supplean-

249 3137 296 3192 tur
325 3136 366 3193 ad
397 3136 541 3213 integram
571 3138 658 3204 Pauli
685 3142 962 3214 argumentationem
993 3147 1080 3201 rente
1113 3135 1305 3216 intelligentem

252 3234 345 3311 (quod
368 3237 465 3296 edbuo
496 3254 615 3316 omnes,
645 3245 780 3313 quantum
807 3242 940 3317 memini,
967 3245 1108 3304 terserunt
1133 3237 1305 3314 interpretes),

250 3336 356 3394 nullam
376 3339 471 3396 temen
492 3339 542 3398 vel
561 3339 685 3398 vooulee
705 3341 754 3398 vel
774 3344 933 3402 metendae
950 3343 1065 3417 ellipsin
1085 3345 1239 3404 edmisimo
1255 3333 1306 3396 niti

250 3435 366 3513 videor,
394 3452 470 3510 quae
501 3440 600 3500 durior
629 3445 729 3514 posset
753 3443 857 3501 videri.
910 3445 1026 3503 Nodum
1057 3447 1213 3505 dissemre
1236 3439 1306 3513 potius

250 3553 336 3613 quem
355 3537 472 3598 solvere
492 3541 614 3600 dixerim
634 3535 687 3602 'eos
706 3543 756 3617 qui
770 3547 859 3602 totum
875 3557 988 3604 comme
1001 3545 1054 3607 8⁰.
1075 3549 1211 3623 spurium
1227 3543 1309 3602 bnbou

250 3655 289 3700 ex
315 3638 536 3717 glossematibus
562 3648 673 3704 mature
704 3646 859 3718 adseriptis
889 3648 1050 3708 oriundum.
1106 3650 1224 3710 Etenim
1252 3639 1308 3716 quod

252 3743 415 3815 nuperrime
435 3745 475 3802 V.
495 3745 619 3803 Ldoko
640 3747 670 3804 in
689 3753 839 3806 comment
854 3764 943 3822 supra
957 3751 1034 3808 lnud.
1057 3750 1135 3810 huin
1152 3751 1311 3810 eonienturte

252 3845 409 3918 praecipuo
435 3847 537 3904 revere
562 3847 735 3907 existimavit
766 3851 924 3928 silentium,
950 3868 1006 3926 quo
1031 3854 1219 3913 irenaeus
1244 3847 1309 3904 Cle*

254 3959 351 4005 mens
370 3945 471 4006 Alex.
497 3945 676 4024 Origenes
703 3950 780 4007 buno
800 3967 918 4010 versum
937 3952 968 4010 in
987 3955 1023 4012 iis
1043 3953 1195 4014 librorum
1214 3959 1309 4010 suorum

255 4045 428 4107 sectionibus
448 4048 622 4123 transierint,
648 4065 722 4123 quae
743 4054 977 4124 opportunitatem
996 4054 1140 4114 idoneam
1161 4053 1309 4130 praeberitlt

255 4158 359 4204 vorsus
379 4146 431 4207 8⁰.
452 4150 616 4221 explicandi
635 4154 665 4208 et
684 4151 847 4230 adhibendi,
867 4154 954 4212 teudo
974 4157 1070 4227 potest
1095 4173 1137 4216 ex
1158 4158 1222 4230 ipse
1241 4151 1310 4210 huius

254 4257 357 4304 nomm.
376 4247 562 4326 embigrdtato
586 4255 616 4310 et
635 4251 804 4312 ditdouitate
822 4254 958 4333 intelligi,
978 4271 1034 4332 qua
1054 4257 1165 4330 plnres
1185 4251 1309 4330 utiquo·
