2710 4954
100 2117 107 2134 Ι
248 2047 347 2114 buius
368 2047 418 2114 rei
436 2047 468 2112 iu
484 2046 560 2132 ipra
580 2047 623 2110 ad
641 2043 784 2110 Galatas
803 2043 947 2130 epistola
965 2044 1032 2110 boc
1049 2044 1130 2110 illuc
1147 2040 1291 2128 disperso,
1332 2053 1333 2126 l

252 443 332 520 29⁰
632 443 947 534 l’roleqomena.

252 619 431 710 disciplina
450 617 599 686 Judaica
619 615 762 706 amplius
782 616 984 704 indigentes.
1026 614 1064 684 0.
1083 613 1125 701 V,
1144 609 1286 699 itt—vl,

254 719 401 790 1-18.
444 719 643 810 Quanquam
663 717 1029 788 nonnullaobreninnt
1055 719 1097 785 ad
1124 713 1287 800 inlelligen·

251 825 333 892 tiam
365 823 573 912 potissimum
605 822 773 890 hominnm
805 819 1218 889 duduco-Christianorum
1242 837 1287 880 ac·
1332 819 1333 840 *

250 928 463 996 commodate
485 925 594 1012 dieta,
620 932 717 992 tanta
737 932 851 992 tamen
871 923 1111 1011 perspicuitate
1137 927 1171 985 et
1194 915 1287 1004 gravi-

251 1035 323 1095 tate
344 1029 388 1094 de
409 1026 618 1114 praestantia
639 1049 768 1094 summa
789 1025 970 1114 evangelii,
992 1027 1035 1092 de
1055 1045 1118 1092 usn
1138 1027 1170 1089 et
1189 1039 1287 1086 neccs-
1332 1046 1333 1102 q

251 1130 355 1196 sitate
385 1129 590 1217 temporaria
622 1127 710 1218 legis
749 1127 942 1215 Mosaicae,
977 1127 1019 1194 de
1046 1145 1128 1195 vera
1152 1122 1288 1189 libertate

250 1230 446 1298 Christiana
473 1230 577 1319 probe
599 1233 819 1298 aestumanda
846 1229 1040 1307 disseritur,
1067 1235 1103 1296 ut
1129 1226 1209 1292 bace
1233 1220 1288 1308 epi·
1332 1237 1333 1256 .

251 1333 341 1400 stola
360 1339 456 1399 recte
478 1331 512 1397 in
534 1333 743 1400 documentis
760 1331 925 1401 habeatnr
940 1331 1108 1420 primariis
1122 1323 1288 1418 persuasio·

249 1435 303 1503 nis
323 1454 405 1504 vero
427 1433 671 1502 Christianae.

729 1601 832 1722 §.a

333 1739 388 1808 llo
407 1751 557 1830 tempore
577 1745 689 1807 autem
712 1739 853 1825 etiosa,
875 1757 940 1827 quo
962 1739 1093 1827 scripta
1112 1733 1218 1820 fuerit,
1238 1729 1289 1796 lis·

247 1842 378 1931 putatio
400 1851 457 1910 est
482 1844 590 1908 ardna
615 1862 657 1909 ao
679 1839 845 1926 difficilis,
873 1840 962 1906 haud
984 1841 1109 1928 exigua
1130 1833 1290 1907 sententio·

246 1967 322 2012 rum
354 1939 552 2013 diversitate
585 1942 769 2030 implicata.
816 1941 1054 2031 conquirenda
1086 1950 1163 2008 sunt
1187 1935 1291 2005 indicia
1332 1955 1333 1980 l

246 2147 465 2236 pluribusque
498 2146 583 2214 locis
616 2143 783 2214 Acorea
815 2145 904 2234 App.
940 2147 983 2210 ad
1017 2145 1140 2213 itinera
1172 2148 1206 2210 et
1233 2137 1290 2203 lota

245 2247 346 2316 Pauli
368 2247 598 2335 spectantibus
620 2248 848 2332 comparanda
867 2249 1070 2336 (quanquam
1088 2252 1221 2335 propter
1239 2238 1293 2304 dis

246 2371 401 2436 sensum,
424 2349 481 2438 qni
502 2349 591 2414 band
613 2347 756 2433 exiguus
778 2355 846 2434 est,
867 2349 1088 2436 interpretum
1112 2351 1154 2416 de
1173 2337 1292 2413 nonnul·

117 2478 122 2489 ¹
243 2449 289 2518 lis
316 2450 435 2518 borum
465 2451 616 2518 locorum
648 2455 743 2516 recte
771 2448 981 2537 explicandis
1012 2453 1073 2568 νὴ
1100 2447 1293 2539 sperandum,

244 2551 339 2636 sore,
367 2559 405 2620 ut
432 2555 552 2620 eadem
580 2551 751 2620 sententia
775 2551 927 2621 omnibus
954 2551 1220 2640 persuadeatur).
1263 2541 1293 2607 ln

244 2653 319 2742 ipso
341 2653 474 2744 quidem
496 2661 596 2722 coetu
617 2653 816 2720 Galatarum
838 2655 945 2722 fuisse
958 2655 1184 2744 Apostolum,
1202 2647 1294 2739 prius·

244 2777 344 2845 qaam
365 2757 431 2824 hae
452 2755 589 2822 litterae
611 2753 861 2842 scriberentur,¹
879 2756 985 2846 iisque
1008 2755 1215 2828 sermonibus
1235 2745 1293 2814 suis

244 2857 430 2926 doctrinam
453 2859 495 2924 de
517 2855 652 2924 Christo
673 2853 766 2924 laeta
785 2859 993 2927 nuntiantem
1015 2860 1214 2942 tradidisse,
1239 2869 1297 2915 ⁰111·

242 2981 305 3029 nes
325 2967 422 3026 recte
444 2965 675 3044 cognoverunt
694 2979 737 3025 er
756 2957 831 3027 loco
851 2958 890 3026 G.
903 2957 965 3046 lv,
981 2981 1012 3028 v.
1029 2961 1093 3028 13.
1109 2981 1179 3050 sqq.
1210 2951 1295 3020 item·

243 3079 309 3150 que
331 3068 462 3128 eertum
484 3068 553 3146 cst,
582 3060 616 3127 in
636 3059 737 3128 Aetr'r
756 3057 850 3148 App.
876 3058 938 3149 16,
956 3058 993 3127 6.
1017 3057 1082 3150 18,
1098 3059 1162 3130 23.
1191 3053 1296 3142 duplex
1332 3063 1333 3080 ¹

243 3162 498 3230 commemorari
520 3162 585 3245 iter
604 3161 779 3250 Apostoli,
801 3182 867 3252 qno
889 3160 1033 3228 Galatas
1057 3161 1190 3231 adierit.
1231 3153 1296 3222 llis·
1332 3140 1333 3216 i

243 3263 392 3331 sentiunt
412 3283 505 3349 vero,
526 3262 798 3349 strumentus,
820 3270 1000 3352 antequam
1021 3263 1158 3333 litteras
1179 3261 1221 3328 ad
1239 3255 1295 3322 Ga·
1332 3237 1333 3326 i

241 3365 331 3432 latas
354 3366 467 3449 daret,
488 3363 595 3430 semel
611 3383 655 3429 aa
675 3367 815 3450 caepim
836 3365 924 3432 inter
945 3367 1036 3450 ipsos
1058 3371 1217 3436 versatus
1236 3357 1296 3426 iue-

240 3467 297 3535 rit.
347 3464 449 3532 Haud
476 3463 575 3552 pauci
604 3463 742 3552 quippe,
770 3473 954 3556 praeeunte
975 3467 1194 3535 Marcione
1219 3461 1296 3528 (lno-
1332 3487 1333 3546 q

242 3568 329 3636 stica
357 3565 454 3633 Saea.
477 3563 521 3630 ll.
561 3563 761 3651 (Epulatus.
789 3567 868 3634 adu.
894 3567 1017 3636 knew.
1038 3567 1108 3657 42,
1129 3565 1182 3655 9.)
1204 3555 1297 3654 pondo
1332 3557 1333 3652 ᾖ

236 3683 318 3762 poro
353 3667 604 3737 comos-sconem
642 3665 855 3734 aarum
887 3671 932 3735 ad
967 3690 1070 3737 sacra
1105 3666 1296 3742 Christiana,

241 3792 341 3862 quum
362 3767 548 3856 Apostolus
568 3766 676 3854 prima
697 3768 773 3836 vice
794 3791 853 3836 eos
874 3770 1040 3858 adiisset,
1068 3771 1160 3840 banc
1188 3767 1298 3857 episto·
1332 3791 1333 3856 3

240 3873 308 3942 lam
330 3872 454 3940 litteris
473 3868 704 3955 consignatam
720 3891 798 3938 esse
817 3875 1025 3957 argumentis
1041 3872 1208 3962 pluribus
1218 3866 1297 3936 evin·
1332 3867 1333 3914 l

241 3996 322 4043 cere
343 3977 553 4042 studuerunt.
595 3969 664 4037 Sed
686 3970 787 4038 iidem
808 3971 842 4039 in
863 3983 980 4060 partes
1000 3977 1159 4044 diversas
1174 3973 1297 4049 abeunt,

241 4077 284 4144 de
305 4085 455 4163 tempore
478 4072 705 4142 conversionis
727 4071 925 4144 Galatarum
947 4076 1172 4164 disputantes.
1220 4073 1296 4142 Nom
1332 4057 1333 4066 ἵ

239 4177 342 4264 vulgo
379 4177 511 4265 quidem
538 4176 667 4243 Paulus
699 4195 740 4240 eo
766 4175 902 4265 itincre,
937 4179 1034 4247 cuins
1061 4180 1189 4249 mentio
1214 4175 1296 4244 Aetl-

245 4279 306 4367 16,
320 4275 359 4344 6.
380 4277 474 4344 faeta
494 4283 564 4363 est,
585 4275 756 4347 Galatiam
771 4281 927 4366 mum
952 4281 1079 4352 sotim
1107 4279 1220 4372 ibique
1247 4277 1297 4342 do·
