2710 4954
395 471 710 560 Prolegomcue.
1009 475 1088 548 8⁰1

64 649 90 708 ct
109 640 200 710 Paulo
225 645 300 734 (ep.
329 641 381 709 od
401 642 483 737 (dol.
505 641 544 731 2,
559 639 611 734 9.)
639 645 682 714 de
710 664 752 713 eo
778 647 1026 736 consensisset,
1053 657 1094 718 ut

61 743 208 812 Brruahm
236 747 369 834 quidem
391 752 426 812 et
445 745 573 814 Paulos
593 747 769 835 Ειῇηὼὺ,
791 749 914 817 Petrus
938 748 1093 818 Jeeohus

63 852 88 911 et
102 845 235 915 Jouunes
254 846 397 915 Judaeis
426 850 470 915 ad
492 848 662 916 Ohristum
691 853 927 920 convertendis
953 873 1094 941 operam

61 969 132 1014 suam
152 950 357 1035 addicerent,
378 951 539 1037 posthac,
568 951 626 1018 ubi
654 951 856 1020 Antiochiae
884 962 1093 1042 versaretur,

60 1069 88 1113 ιι
104 1049 145 1117 ite
163 1051 355 1119 subduxerit
376 1059 411 1118 et
431 1049 667 1138 segregaverit
687 1076 709 1120 a
723 1054 925 1124 Christianis
938 1077 1005 1124 nou
1026 1056 1092 1124 oir-

59 1153 204 1240 ooneisir,
230 1163 270 1222 ut
290 1153 582 1242 reprehensionem
603 1154 704 1223 Pauli
730 1157 938 1227 incurrerett
981 1159 1094 1236 Quum

58 1251 155 1322 Petrus
174 1259 259 1324 sutis
280 1255 336 1324 din
364 1257 495 1323 omnino
524 1257 713 1326 dubitasset
739 1260 782 1328 de
809 1259 998 1329 hominihus
1026 1282 1093 1330 nou

59 1353 240 1426 circumcisis
261 1359 295 1426 iu
317 1363 448 1426 coetum
470 1357 635 1428 cultorum
657 1361 783 1428 Christi
804 1362 1021 1450 recipiendis,
1042 1363 1094 1430 fa-

57 1455 104 1524 eiie
122 1457 188 1528 heri
214 1467 370 1550 poterat,
395 1468 449 1547 ut,
477 1483 667 1551 quanquam
694 1463 837 1532 meliore
862 1467 1004 1532 edoctus
1023 1487 1095 1557 pro

55 1579 102 1624 ooo
117 1565 217 1654 speses
232 1561 637 1655 pernecessariarum
650 1563 795 1636 deducis
815 1589 919 1654 pares
940 1567 1092 1646 haberet,

55 1659 225 1734 Antiochiae
257 1674 369 1733 tamen
395 1665 483 1752 (sive
517 1665 583 1732 hue
612 1666 763 1736 venisset
789 1675 886 1746 aute,
913 1666 987 1736 sire
1015 1677 1094 1756 post

54 1776 224 1835 conventum
249 1765 622 1855 Hierosolymitauum),
641 1767 700 1836 uhi
719 1767 1093 1838 dudeco-Christianos

54 1867 213 1938 severiores
246 1869 390 1957 opinioni
410 1867 515 1936 Petro
536 1868 615 1936 oiim
637 1869 800 1956 probetne
828 1870 956 1938 acriter
976 1870 1093 1938 inhae-

53 1975 141 2035 rentes
160 1972 388 2059 cognovisset,
410 1973 454 2038 ad
477 1993 592 2040 eornm
614 1971 727 2038 studio
745 1971 960 2062 olspooasdris
979 1977 1094 2066 mogr’s

52 2087 79 2133 ιθ
100 2075 373 2165 monmodarrt,
399 2095 517 2166 quem,
544 2076 633 2162 quod
655 2072 762 2140 Paulo
794 2073 855 2140 iilo
882 2075 1093 2160 potissimum

52 2163 108 2236 loeo
136 2183 169 2242 et
200 2183 356 2263 tempore
390 2175 602 2261 probaretur.
659 2174 819 2244 Ceterum
853 2175 982 2245 Paulus
1015 2178 1092 2246 loco

51 2263 180 2346 hadde
204 2287 380 2367 tempore,
406 2300 473 2366 qno
500 2278 638 2346 Petrum
665 2277 867 2346 Antioohiae
893 2278 1006 2364 palam
1034 2303 1094 2347 uo⁴

51 2377 166 2466 tuterit,
192 2380 283 2448 nihii
305 2379 447 2466 definiit,
475 2401 539 2449 neo
559 2381 677 2470 video,
704 2379 784 2468 quid
809 2379 1010 2465 Apostolum
1039 2405 1093 2451 sc·

50 2471 111 2544 riori
134 2490 250 2550 aetate
277 2489 357 2569 post
383 2485 566 2550 secuudum
597 2483 662 2549 iter
683 2479 876 2550 Galaticum
905 2481 994 2550 hanc
1007 2485 1093 2570 ,epi-

51 2577 146 2648 eoum
168 2591 366 2654 morantem
386 2584 565 2671 prohibere
586 2582 748 2672 potuerit,
770 2603 836 2672 quo
859 2583 968 2652 minus
989 2585 1092 2672 iliius,

49 2697 114 2762 onae
144 2685 221 2754 oiim
266 2687 376 2773 ipsum
413 2686 502 2754 inter
532 2686 737 2773 Petrumque
771 2682 916 2772 fuisset,
959 2694 1093 2754 contro-

50 2784 157 2854 versiae
182 2789 422 2858 Antiochense
452 2787 539 2876 (etsi
571 2788 638 2855 iam
667 2799 747 2856 onte
781 2795 983 2856 conventum
1010 2788 1093 2858 Hie·

49 2886 128 2954 rosei.
147 2891 321 2959 eccidisse
343 2889 566 2979 existimetur)
586 2891 621 2959 in
634 2891 701 2958 hac
719 2888 881 2958 orationis
899 2890 988 2960 serie
1001 2911 1093 2959 meu·

49 2982 147 3059 donem
166 2991 338 3062 iniiceret.

507 3164 543 3255 a.
574 3162 612 3234 4.

110 3295 352 3370 Diversissiure
381 3308 493 3369 auteur
520 3299 554 3370 in
581 3307 758 3389 utramque
785 3307 917 3390 partem
945 3299 1095 3388 disputas

47 3393 99 3461 im
118 3410 172 3468 est
191 3403 238 3470 de
262 3425 303 3472 eo
326 3405 504 3492 temporis,
532 3425 598 3491 quo
619 3403 749 3472 Paulus
769 3403 903 3471 litteras
925 3404 969 3471 ed
991 3402 1096 3471 Gala„

45 3497 85 3560 hs
103 3501 252 3592 dederit,
276 3505 411 3594 indicio,
432 3508 521 3595 quod
542 3529 572 3574 c.
590 3504 626 3572 2.
646 3528 680 3575 v.
699 3507 733 3573 1.
756 3507 961 3575 continetur:
984 3505 1096 3576 iacere

42 3591 85 3662 isi
106 3605 355 3699 δεκατεσσάρων
375 3611 457 3677 ἑτῶν
476 3606 577 3678 πάλιν
597 3604 720 3696 ἀνέβην
740 3607 786 3691 εἷς
804 3605 1017 3699 Ἱεροσόλυμα
1030 3618 1097 3678 etc.

44 3693 85 3764 E¹
101 3727 163 3792 quo
184 3719 341 3799 tempore
360 3711 487 3780 Paulus
500 3710 634 3780 Christo
655 3735 777 3782 nomen
799 3715 952 3799 dederat,
972 3724 1097 3801 peotes·

43 3803 198 3880 infectus
228 3814 587 3902 coenerosam,
612 3818 768 3905 protem
797 3837 884 3883 anno
911 3820 989 3899 post
1016 3831 1095 3880 con·

45 3907 215 3981 tersionem
238 3916 341 3981 tortio
362 3915 476 3998 (Acer.
494 3913 532 4002 9,
547 3914 611 3985 116.
634 3919 685 3983 od
699 3915 782 3984 001.
801 3913 937 4001 1‚18.),
958 3911 1097 4000 dende,

43 4021 126 4087 tuum
156 4015 341 4099 beneficia,
368 4017 488 4105 quihus
509 4017 643 4104 inopiae
670 4016 937 4085 Christianorum
965 4016 1000 4082 iu
1032 4013 1096 4084 Ju-

43 4101 117 4176 isea
138 4117 351 4184 versantium
380 4139 514 4186 muana
542 4119 801 4206 ingravescente
828 4125 1097 4197 succurreretur,

43 4203 230 4282 Antiochiae
254 4219 396 4286 collecta
414 4219 672 4304 [hierosolymas
692 4219 854 4308 deferret,
876 4219 998 4288 comite
1011 4221 1098 4288 Bar·

43 4306 118 4378 ¹²⁸bs
135 4317 255 4402 (Aeto.
276 4321 338 4410 11,
355 4318 420 4390 29.
439 4322 535 4412 to),
556 4329 669 4392 unco
683 4324 769 4410 veo,
789 4330 828 4391 ut
849 4322 1029 4394 conventui
1049 4320 1098 4390 in-
