2710 4954
242 437 322 508 300
610 405 924 524 Prolagomenn.

233 604 410 690 Ἰουδαίοις
430 603 475 688 ὥς
491 603 667 691 Ἰουδαῖος,
689 603 747 676 ἵνα
763 603 944 688 Ἰουδαίους
964 603 1126 697 κερδήσω·
1147 610 1212 687 τοῖς
1230 600 1283 674 tici

238 711 343 803 νόμον
382 708 427 792 ὡς
458 707 523 780 ὑπὸ
555 707 677 798 νόμον,
705 707 763 778 ἵνα
794 709 873 791 τοὺς
903 706 968 781 ὑπὸ
1003 711 1106 798 νόμον
1140 705 1285 800 κερδήσω·

239 821 310 897 τοῖς
330 809 469 902 ἀνόμοις
499 808 543 893 ὥς
564 809 705 900 ἀνομος,
736 810 793 882 ἵνα
813 809 960 903 κερδήσω
982 809 1134 902 ἀνόμους.
1170 808 1286 899 Ἕγενό-

238 943 307 1007 μην
328 922 398 998 τοῖς
419 913 601 985 ἀσθενέσιν
621 911 665 996 ὡς
686 911 855 999 ἀσθενὴς,
881 913 939 984 ἵνα
960 917 1038 996 τοὺς
1059 911 1211 994 ἀσθενεῖς
1227 940 1288 1004 κερ-
1339 917 1340 944 l

240 1021 330 1105 δήσω
351 1029 416 1091 ete·
466 1018 597 1106 Quippe
619 1019 705 1086 baec
727 1018 793 1087 fuit
813 1018 993 1106 prudentia
1013 1017 1166 1106 Apostoli
1186 1039 1287 1105 perpe

239 1135 317 1212 tua,
349 1123 392 1190 ab
426 1121 604 1189 honestate
638 1127 675 1186 et
706 1121 898 1188 constantia
930 1120 1021 1186 hand
1049 1121 1217 1206 seiuncta,
1249 1125 1288 1203 ut,

241 1226 503 1318 quotiescunque
526 1244 601 1290 cum
623 1222 768 1292 Judaeis
795 1228 932 1309 ageret,
959 1222 1096 1290 veritati
1117 1243 1181 1288 aon
1202 1219 1288 1307 perti·
1340 1250 1341 1258 ε

239 1327 372 1396 naciter
392 1323 669 1413 repugnantibus,
690 1326 767 1412 sed,
788 1346 852 1415 quo
873 1324 982 1390 minus
1002 1324 1120 1391 statim
1139 1321 1289 1390 totamle·

240 1451 318 1517 gem
339 1425 591 1496 cerimonialem
617 1427 755 1494 misaam
777 1425 946 1513 iacerent,
974 1424 1205 1495 imbecillitate
1225 1445 1291 1512 qun·

241 1535 318 1600 dam
339 1527 526 1620 impeditis,
547 1549 690 1618 eoaque,
719 1529 763 1596 a‘d
784 1536 919 1617 tempus
938 1526 1067 1619 aliquid
1095 1527 1292 1596 concedendo

240 1634 418 1707 diuturnae
440 1653 556 1700 eorum
577 1630 832 1718 consuetudini,
859 1630 994 1700 veritati
1019 1630 1232 1698 Christianae
1253 1626 1294 1692 ia·

239 1736 338 1804 cilius
364 1733 539 1803 conciliari
566 1756 668 1822 posse
696 1732 923 1821 intelligeret,
950 1731 983 1801 iu
1012 1732 1181 1802 eiusmodi
1206 1729 1294 1798 rebus

239 1837 390 1907 externis
411 1836 753 1905 accommodationem
765 1837 952 1926 sapientem
972 1855 1037 1902 nec
1060 1836 1128 1902 sibi
1149 1855 1212 1902 nec
1232 1830 1296 1898 aliis

240 1943 445 2027 denegaret,
480 1941 562 2026 sed,
590 1960 655 2029 qno
683 1938 802 2006 maiori
833 1937 1022 2027 pertinacia
1050 1942 1088 2006 et
1114 1933 1296 2021 arrogantia

236 2039 575 2110 dudeco-Christiani
611 2063 706 2108 suum
740 2039 828 2126 legia
857 2039 1085 2110 cerimonialia
1113 2037 1297 2106 retinendae

238 2141 494 2230 hominibusque
514 2141 880 2218 Etbnico-Gbristiauis
907 2141 1138 2228 iniungendae
1166 2139 1297 2208 studium

238 2267 323 2334 praa
344 2265 383 2310 se
403 2244 533 2312 terrent
552 2242 685 2334 (quales
706 2242 740 2310 in
756 2251 856 2312 coetu
871 2243 1072 2314 Galatarum
1090 2239 1299 2332 prodierant),

238 2370 280 2416 co
302 2346 411 2414 minus
433 2345 475 2412 iis
497 2346 649 2431 cederet,
679 2367 787 2436 eoque
814 2344 931 2412 maiori
952 2344 1091 2416 fervore
1115 2353 1152 2415 et
1173 2345 1302 2414 circum·

239 2449 401 2518 cisiouern
429 2453 465 2515 et
486 2445 556 2513 alia
583 2446 747 2516 eiusmodi
768 2454 897 2516 statuta
914 2447 1144 2535 impugnarat.
1187 2447 1239 2516 Ex
1257 2444 1301 2510 bis

237 2551 342 2638 igitur
370 2547 483 2618 effatis
509 2547 594 2617 nihil
621 2549 736 2636 colligi
765 2557 879 2637 potest
904 2551 947 2620 ad
968 2557 1129 2639 tempus,
1158 2571 1223 2641 quo
1243 2543 1302 2634 epi·

237 2652 329 2721 stola
350 2651 479 2738 scripta
506 2649 627 2738 luerit,
654 2651 888 2720 definiendum.
931 2649 1025 2720 idern
1056 2656 1103 2722 de
1124 2654 1204 2723 loco
1223 2649 1304 2720 valet

237 2778 291 2847 ep.
320 2755 372 2822 cd
392 2749 527 2840 οσον,
543 2753 605 2820 11.
623 2776 716 2843 aqq.,
737 2753 793 2822 cui
813 2752 928 2842 pluras
949 2756 1160 2824 sententiam
1183 2757 1225 2823 de
1245 2749 1303 2838 epi·

237 2856 328 2926 stola
347 2864 427 2923 ante
440 2861 642 2924 conventum
654 2853 823 2923 Hierosol.
843 2855 971 2948 scripta
989 2867 1183 2946 propterea
1197 2875 1302 2943 super·

237 2959 323 3028 suni
345 2959 479 3044 volunt,
506 2958 595 3047 quod
621 2979 740 3046 parum
766 2956 940 3046 probabile
968 2959 1030 3046 sit,
1066 2961 1234 3046 Petrum,
1258 2951 1307 3044 qni

237 3062 313 3150 ipse
341 3061 376 3128 iu
404 3064 573 3129 conventu
593 3058 652 3127 illo
687 3059 888 3130 sententiam
915 3059 1114 3128 liberiorem
1144 3061 1307 3152 professu·

234 3186 295 3232 rua
317 3164 361 3230 ad
385 3161 560 3232 dicendum
582 3161 788 3230 surrexisset
817 3159 1200 3255 (Aca.15‚⁷.sqq.),
1227 3164 1309 3250 post·

236 3265 304 3332 bac
324 3275 416 3332 metu
445 3265 651 3353 quorundam
678 3263 1105 3336 dudeco-Christianorum
1133 3265 1215 3350 (cd
1234 3260 1308 3332 Gal

237 3364 276 3452 9,
299 3363 377 3452 tt.)
397 3363 552 3452 religioni
580 3365 645 3432 sibi
674 3365 832 3453 duxisse,
861 3385 937 3433 eum
953 3365 1182 3435 ·(lbristiania
1211 3383 1311 3434 como-

235 3469 317 3536 dere
351 3487 417 3532 non
451 3467 671 3536 circumcisio.
724 3467 799 3534 Etsi
834 3469 923 3534 euim
957 3489 1171 3538 concessum
1205 3463 1310 3548 fuerit,

234 3590 323 3660 quae
343 3565 488 3637 Paulum
517 3568 605 3636 inter
632 3576 668 3636 ct
693 3567 833 3638 Petrum
860 3568 949 3656 (loco
969 3568 1065 3636 laud.
1090 3593 1151 3660 ep.
1173 3573 1220 3640 ad
1241 3565 1312 3638 Gal.

232 3671 432 3762 praeeunte)
447 3670 648 3739 Antiochiae
665 3680 766 3757 gesta
785 3669 922 3756 fuerint,
944 3671 1123 3742 accidisse
1141 3680 1226 3741 ante
1241 3691 1311 3738 con·

233 3781 370 3844 ventum
392 3771 630 3862 apostoliemm
660 3777 779 3842 eodem
800 3779 913 3840 tamen
936 3772 1009 3843 iure
1038 3775 1170 3863 quaeri
1201 3770 1314 3864 possit,

234 3877 400 3966 quomodo
431 3875 520 3944 idern
556 3873 703 3962 Petrus,
736 3874 793 3963 qui
821 3874 952 3962 pridem
987 3881 1071 3943 anta
1111 3883 1314 3948 conventum

232 3978 589 4065 Hierosolymitanum,
609 3976 683 4048 viso
705 3976 865 4046 divinitus
887 3976 953 4045 eibi
974 3975 1109 4064 oblato,
1137 3977 1315 4066 perspicue

233 4081 462 4167 cognovisset,
484 4079 670 4148 doctrinam
693 4079 924 4166 evangelicam
946 4078 1148 4148 bominibus
1165 4103 1236 4148 non
1256 4076 1315 4146 cir·

233 4180 392 4249 cumoisis
427 4183 556 4270 pariter
591 4191 695 4269 atque
736 4179 947 4248 circumcisio
983 4201 1065 4248 essa
1112 4183 1314 4251 tradendam

233 4280 349 4366 (Aac.
372 4305 402 4350 ο.
422 4284 481 4350 to.
505 4284 646 4371 c.1t.),
668 4281 943 4372 idem,·inqnam,
966 4282 1132 4371 quicum
1157 4280 1316 4352 Bernaba
