2726 4956
181 466 343 558 Epistola
364 470 409 536 ad
430 465 583 537 Galatas.
612 467 652 536 c.
673 465 719 534 11.
740 466 784 539 V.
807 468 979 540 11-14.
1041 468 1124 540 38³

49 649 140 708 aith
165 661 192 706 c
214 645 267 706 11.
311 645 440 722 anm,
467 640 514 720 pol
534 643 601 726 olim
618 640 685 718 ipso
705 643 827 704 candem
846 641 1016 706 sentendam
1041 662 1127 722 quera

47 745 340 810 Jucmchretisni
365 745 530 808 everteres
556 746 694 806 wnehant
712 745 790 804 satis
818 746 867 805 din
887 748 1078 825 prebuerat,
1096 753 1129 808 ct

49 849 228 925 experiundo
248 852 445 926 cognoverat,
473 861 560 923 quam
580 847 659 906 altas
681 846 799 908 radices
819 847 961 908 stmmodl
980 851 1128 924 opiniones

49 954 79 1014 in
105 951 248 1012 mentitus
276 949 423 1012 hominum
455 953 593 1027 agerent,
621 949 712 1008 aene
743 947 831 1009 stiam
856 953 924 1023 post
955 958 1128 1012 conventam

49 1052 194 1115 Hierosol.
222 1053 505 1116 eamdam
525 1063 621 1114 mss
645 1049 758 1110 licitam
783 1050 838 1110 sihi
863 1051 992 1130 putavit,
1018 1057 1053 1112 ut
1070 1055 1129 1114 hiis

47 1156 208 1216 hominihus
236 1154 412 1228 alionamdin
442 1154 577 1230 cederet,
601 1152 749 1228 hohenoe
772 1151 809 1212 hs
833 1154 1034 1228 praesentibus
1060 1171 1128 1216 mm

50 1257 224 1318 Christianis
244 1271 302 1316 non
330 1255 512 1314 circmcirls
533 1255 696 1315 comedere.
743 1254 951 1316 ltisrimniehat
973 1258 1023 1317 illo
1049 1261 1129 1316 tem·

48 1376 121 1434 pore
148 1357 367 1432 persuasionem
392 1361 519 1434 rectam,
546 1355 877 1418 ltthnico-Ohrlstianos
907 1363 1010 1433 aperte
1033 1361 1130 1420 otien-

49 1463 152 1538 dehet,
178 1477 218 1519 ne
237 1459 295 1519 illis
314 1459 625 1532 Judaeenchristtauis
644 1457 867 1536 improbaretur,
885 1475 945 1520 nec
963 1461 1037 1520 sans
1055 1477 1129 1536 per·

49 1564 196 1636 pendebat
217 1562 324 1621 damna
343 1562 432 1620 nsciis
451 1561 571 1636 oritura,
590 1559 620 1619 si
635 1559 793 1620 Christiani
802 1560 981 1622 Amioeheni
1000 1561 1031 1620 in
1050 1561 1129 1621 hane

49 1665 214 1738 opinionem
235 1662 458 1739 inducerentur,
486 1663 603 1724 Petrum
623 1671 686 1721 non*
701 1661 825 1735 amplius
843 1663 984 1739 probare,
1003 1665 1080 1737 qued
1099 1665 1129 1724 in

48 1768 197 1824 wnventu
222 1763 369 1824 memsot
394 1764 459 1837 ipse
485 1763 678 1840 defendisset,
704 1763 830 1822 salntcm
855 1779 913 1823 nnn
936 1765 1065 1838 pendere
1092 1781 1130 1824 ex

47 1866 254 1926 emanatione
273 1865 351 1942 legis
372 1863 536 1925 Moesicae.
580 1863 754 1940 Quanquam
768 1865 884 1925 Paolum
908 1866 972 1940 ipsc
991 1883 1048 1926 noa
1070 1867 1129 1926 du-

46 1969 151 2028 citavit
179 1972 210 2026 et
228 1982 363 2028 sermone
384 1970 415 2028 ct
440 1969 529 2026 metis
554 1967 594 2026 ad
610 1967 844 2033 ,nnnoefflnaten
870 1967 1032 2045 hominnm,
1057 1984 1130 2043 imas

47 2069 167 2128 veritati
189 2068 375 2128 Christianae
395 2070 602 2128 conciliaturus
623 2073 716 2146 essct,
737 2071 946 2144 qmdammode
966 2085 1001 2130 sc
1020 2071 1130 2128 dmit-

46 2177 112 2231 tere
138 2171 220 2230 Acti.
235 2173 290 2249 1⁶,
301 2173 332 2231 d.
344 2170 562 2250 usto-2⁷.
593 2174 623 2234 1.
636 2174 767 2251 cnrr.9,
779 2175 832 2232 20.
850 2188 915 2250 epp.
920 2216 934 2254 ,
955 2171 1057 2232 reddo
1078 2177 1129 2230 ta-

46 2291 116 2332 men
137 2273 234 2350 cavit,
254 2289 293 2331 ne
314 2273 455 2332 eiusmodi
475 2273 742 2336 accommodatione
759 2278 909 2352 utentur,
929 2291 987 2349 qua
1008 2273 1059 2334 vel
1077 2277 1130 2333 ot-
1173 2338 1178 2349 ,

46 2379 163 2436 rme
195 2375 348 2449 praeheret
373 2375 709 2452 Ethnico-Ghristianis,
735 2376 786 2434 vel
810 2375 957 2435 hominm
987 2375 1036 2452 eri
1061 2376 1131 2450 opl-

47 2479 152 2536 nioncs
171 2479 402 2550 praeconcepies
422 2479 610 2550 pertinaciter
630 2477 821 2536 defenderent
843 2475 962 2554 (pratea
981 2477 1023 2536 llll
1046 2487 1130 2556 ψευ-

48 2573 232 2662 da‘dslpos,
254 2577 302 2651 qul
321 2579 528 2650 Hierosolymis
554 2579 722 2653 prodierant
747 2582 802 2636 etr.
823 2595 912 2651 supra
936 2597 969 2638 a.
988 2576 1018 2637 1.
1037 2579 1128 2638 item·

48 2695 110 2754 pne
130 2675 316 2738 Antiochiam
342 2683 485 2738 venerant
509 2679 589 2741 Acti.
605 2679 728 2761 11,1.]
752 2681 944 2740 temeritatem
973 2682 1131 2740 conflrma-

48 2785 110 2855 ret,
134 2795 264 2854 seseque
283 2781 374 2855 ipsios
394 2782 544 2841 doctrinae
565 2783 602 2844 de
621 2784 755 2844 libertate
777 2783 886 2841 i'hrist.
907 2785 1130 2844 contradiceret.

48 2883 232 2958 Aegerrime
251 2883 342 2959 igitur
361 2883 437 2960 tulit,
458 2887 534 2958 qnod
549 2887 666 2962 renus,
687 2884 736 2958 pol
756 2884 844 2941 ctiam
863 2883 922 2941 hac
941 2885 972 2942 ln
992 2901 1027 2943 re
1045 2903 1130 2944 suum

49 3001 118 3043 eum
130 2985 227 3044 Panlo
248 3001 418 3044 consensum
433 2987 643 3058 Hierosolymis
662 2987 757 3059 palam
779 2990 809 3043 et
828 2985 956 3061 ingenue
976 2988 1130 3045 declaras-

48 3093 110 3162 set,
136 3085 234 3146 snhito
256 3085 318 3144 tam
338 3088 530 3165 Antiochiae,
557 3088 606 3145 uhi
629 3089 739 3146 Paulus
765 3088 886 3145 andem
911 3089 1130 3160 persuasionem

48 3189 89 3246 de
119 3189 258 3246 libertate
282 3189 389 3248 Christ
415 3191 612 3266 praediceret,
639 3187 814 3248 contrarium
840 3191 970 3265 moeret,
1002 3190 1040 3248 ad
1067 3207 1131 3250 esm

48 3291 193 3362 delapsus
211 3293 519 3369 accommodationem,
541 3307 614 3366 onae
634 3291 739 3350 limites
759 3291 852 3350 iustos
869 3293 1150 3368 transgrederetur*

48 3395 117 3452 Nee
140 3393 233 3465 potnit
246 3391 334 3468 Petri,
355 3395 404 3467 qui
416 3395 531 3467 publice
550 3393 608 3452 hoc
628 3393 749 3470 egisset,
769 3392 1022 3466 reprehensionem
1043 3397 1132 3454 omit-

47 3499 112 3553 tere
133 3493 296 3568 pnhh'cam,
324 3511 362 3552 ne
380 3495 549 3554 Judaismus
571 3495 676 3554 Christ.
703 3496 790 3554 latius
810 3499 943 3568 serperet
970 3496 1132 3571 multosque

47 3595 192 3656 Antioch.
218 3596 357 3654 inficeret.
404 3598 506 3656 Simile
535 3601 646 3656 sactum
678 3597 757 3656 Petri
790 3597 984 3658 diversimode
1017 3599 1132 3672 rpridcm

47 3699 212 3756 mdimtum
234 3697 308 3772 (cfr.
329 3699 455 3774 tropeos
475 3717 543 3759 mse
568 3704 601 3758 in
622 3701 714 3760 libros
741 3702 779 3759 N.
800 3701 836 3760 ld.
856 3715 961 3760 meros
986 3715 1020 3774 p.
1032 3699 1132 3778 898.)

46 3801 177 3860 historia
207 3797 323 3860 exhibet
342 3803 517 3878 evangelica
542 3804 653 3862 Metti.
676 3818 701 3862 c.
717 3803 770 3860 26.
798 3803 899 3862 More.
927 3819 954 3862 c.
972 3802 1028 3860 14.
1053 3801 1131 3861 nuc.

48 3919 75 3962 e.
92 3907 150 3962 22.
177 3903 230 3961 Jo.
252 3920 279 3963 o.
300 3905 352 3963 18.
400 3903 454 3962 iiis
481 3905 517 3962 de
544 3907 666 3979 reipsa
691 3903 870 3980 observatis,
895 3919 952 3962 non
978 3905 1025 3961 est
1057 3903 1133 3977 qnod

49 4007 135 4064 multi
154 4003 250 4064 simus
269 4005 298 4064 in
318 4005 481 4066 refutandis
508 4007 683 4064 coniecturis
702 4007 903 4081 interpretum,
931 4004 979 4080 qni
1004 4007 1054 4064 cei
1076 4021 1133 4064 nc-

50 4109 211 4185 gaseriet,
238 4109 413 4182 Apostolum
434 4109 551 4167 Petrum
572 4109 664 4166 inisse
695 4121 817 4181 quornm
837 4107 930 4168 Paulo
960 4111 1134 4167 controver-

48 4211 94 4268 sia
115 4215 201 4270 esset
220 4211 420 4286 Antiochena,
448 4211 568 4285 musore
595 4211 662 4268 loco
688 4209 778 4267 alium
803 4208 946 4284 quendem
971 4209 1133 4268 substitue-

50 4315 109 4374 r'mt
132 4311 281 4394 cepham,
307 4329 395 4374 unum
414 4329 452 4372 ex
473 4311 660 4390 septuaginta
680 4311 752 4370 Jssn
772 4310 920 4386 discipulis
946 4309 1021 4390 [cfr.
1050 4311 1134 4372 cle-
