2726 4956
224 475 305 547 87ss
393 473 545 564 Epistola
565 473 609 542 uti
631 471 784 542 Galatas.
814 473 852 542 G.
875 471 921 546 11.
942 473 987 544 V.
1002 471 1121 542 8-5.
1145 419 1146 424 ἵ

224 659 301 713 ctum
332 667 399 711 esse
428 649 484 723 tua
512 642 534 725 ἦ
561 643 702 727 ἀλήθεια
728 653 784 708 eto.
831 650 935 725 Neque
965 651 1102 708 sulficere
1131 648 1293 722 putaverim

223 757 260 815 ad
287 755 479 813 removendas
507 753 562 810 has
583 751 768 810 difficultates
786 751 1046 824 interpretationem
1067 753 1294 812 Rdckerto

220 861 370 917 tentatam:
393 855 580 913 circumcisus
601 859 646 913 cst
665 855 764 931 Timo,
789 869 827 913 ne
846 857 952 915 trames
979 854 1046 913 taisi
1071 869 1110 911 ex
1129 854 1295 912 'ministerio

222 958 392 1034 evangelico
404 955 463 1014 'liti
482 970 539 1013 non
555 957 722 1015 circumcisi
740 957 975 1030 opportunitatem
996 955 1146 1032 ducerent,
1164 963 1295 1014 nostrum

219 1059 360 1120 libertatis
391 1059 581 1134 evangelicae
611 1074 696 1116 usum
728 1061 861 1132 tanquam
884 1057 1109 1130 profanationem
1141 1073 1294 1116 sacrorum

220 1163 408 1222 ludaieorum
441 1157 625 1234 criminandi3
651 1163 847 1217 verumtamen
869 1157 916 1235 (v.
931 1156 982 1235 ti.)
1008 1158 1038 1217 in
1065 1159 1171 1218 ceteris
1197 1161 1296 1218 omni.

219 1267 290 1341 bus,
317 1262 394 1338 quod
422 1257 552 1320 homines
581 1261 844 1320 ltthnlco-christt.
870 1260 1009 1318 universa
1033 1261 1147 1337 attinet,
1179 1262 1297 1319 omnino

218 1381 277 1426 non
303 1361 444 1422 cessimus
465 1363 602 1422 tratribus
628 1363 713 1420 falsis
733 1365 788 1420 etc.
836 1362 987 1420 Eiusmodi
1012 1363 1116 1436 qrrlppe
1141 1362 1295 1420 detensio-

219 1481 287 1526 nem
308 1462 537 1522 circumolsionis
557 1463 587 1521 in
608 1465 674 1522 'lito
695 1466 831 1536 peractae
850 1461 1007 1535 Apostolus
1027 1464 1063 1522 lis
1085 1469 1165 1522 uerte
1184 1465 1296 1538 verbis,

219 1583 294 1644 quae
322 1582 353 1623 a.
373 1560 403 1622 4.
425 1561 456 1620 d.
482 1565 656 1642 obveniunt,
687 1566 781 1622 minus
805 1564 960 1638 perspicue
989 1579 1026 1622 aa
1050 1566 1181 1643 delinito,
1208 1582 1295 1640 unam

218 1670 283 1743 ipsa
303 1665 460 1726 mundae
480 1667 582 1725 natura
602 1669 631 1725 et
651 1667 782 1741 gravitas
806 1667 976 1741 postrdaret,
1003 1667 1187 1726 enuntiasset.
1232 1668 1296 1726 ce-

217 1776 321 1846 terum,
340 1783 397 1844 qno
417 1767 511 1826 minus
532 1783 597 1827 oum
611 1769 775 1826 Ambros.
797 1770 992 1844 coniiolamus,
1011 1769 1081 1827 illud
1098 1763 1182 1848 πρός
1203 1761 1295 1846 ὤραν

219 1869 346 1954 ellepis
367 1871 405 1928 ad
426 1885 489 1926 eam
511 1869 656 1944 pertinere
680 1860 985 1946 accommodationem,
1012 1887 1069 1944 qna
1087 1869 1197 1930 Paulus
1221 1887 1295 1928 uam

218 1977 306 2032 merit
326 1969 560 2030 circumcidendo
584 1973 754 2051 Timotheo,
780 1973 910 2046 impedit,
937 1973 1013 2045 qnod
1033 1972 1063 2029 h.
1083 1973 1103 2030 1.
1129 1974 1167 2031 de
1188 1973 1294 2030 Tunc-

210 2073 284 2133 ·theo
305 2075 418 2132 omnino
439 2088 496 2130 non
517 2088 611 2130 sermo
633 2075 695 2135 tuit.
737 2073 874 2132 Narratio
894 2073 980 2132 huius
1000 2074 1088 2132 totius
1112 2077 1185 2132 sect.
1204 2073 1237 2132 in
1257 2075 1293 2132 iis

209 2176 345 2236 striduit
375 2189 449 2248 quae
475 2173 524 2232 illo
557 2175 684 2245 tempore
717 2175 926 2248 Hierosolymis
958 2181 1043 2252 gesta
1068 2180 1142 2234 sunt.
1189 2175 1293 2249 ltaque

209 2293 265 2336 *res
291 2277 355 2350 ipsa
381 2273 519 2350 postulat,
544 2277 577 2330 ut
601 2274 752 2334 lectionem
779 2271 838 2344 οἷς
864 2270 955 2336 οὐδὲ
981 2277 1151 2334 auctoritate
1175 2279 1292 2334 testium

215 2381 304 2453 probe
324 2376 473 2452 mudum,
493 2379 649 2448 praeeunte
669 2377 903 2453 Hieronymo,
924 2393 989 2435 cnm
1013 2379 1166 2436 Calvino
1187 2379 1291 2435 Wol-

93 2457 100 2477 '
216 2481 273 2538 rso
299 2481 468 2552 uergere
500 2477 648 2536 stornio
684 2478 835 2538 wenero
867 2481 1006 2538 nicetio
1039 2479 1196 2538 uiuente
1232 2477 1290 2555 (m

213 2581 288 2638 libro
316 2595 404 2652 supra
428 2579 473 2657 1.)
500 2580 620 2654 aliaque
651 2583 753 2638 contra
783 2581 941 2664 Militum
973 2581 1169 2640 Semlorum
1204 2580 1292 2638 Mi-

215 2681 380 2738 chaclem
412 2681 586 2754 liopptum
613 2683 753 2740 tummur.
801 2683 968 2742 liitlicultati
993 2686 1177 2759 structurae,
1202 2699 1291 2756 qnam

213 2797 302 2854 snpra
330 2781 534 2858 explicuimus,
558 2761 753 2840 removendae
779 2785 933 2857 antiquitus
961 2787 1112 2843 consulere
1136 2785 1292 2842 vomeaunt

213 2887 375 2944 oniittcndo
395 2886 444 2942 vel
464 2872 513 2949 οἷς
538 2883 587 2940 vel
607 2887 729 2956 uuoque
749 2897 813 2940 voc.
843 2873 892 2950 οἷς
919 2880 1007 2957 οὐδὲ,
1034 2901 1177 2944 Μαι-ω
1202 2886 1291 2944 im.

212 3001 266 3059 per
285 2985 457 3042 narrationis
485 2985 585 3063 (Acti.
605 2985 660 3064 1⁶,
678 2985 733 3062 a.)
760 2986 797 3043 de
819 2987 968 3046 'limotlieo
989 2988 1178 3064 circumciso,
1202 2992 1291 3062 atque

213 3103 250 3145 ex
271 3087 375 3143 vocula
397 3081 428 3145 et
450 3086 497 3162 (v.
510 3084 539 3143 4.
551 3087 610 3164 in.)
631 3088 725 3144 minus
744 3093 825 3145 recte
844 3089 989 3148 intellecta
1000 3091 1194 3165 condolentes,
1216 3107 1291 3148 ver-
1361 3155 1362 3164 χ

211 3189 258 3246 sul
280 3191 380 3262 quarto
401 3191 563 3250 uutitdcaiu
581 3189 679 3246 inesse
701 3189 849 3246 commatis
869 3191 954 3248 tertii.
1000 3192 1157 3250 Praeterea
1180 3196 1290 3250 aucto-

210 3290 282 3347 ritas
303 3289 540 3364 Tertulliani,
566 3289 616 3362 qui
637 3292 737 3346 contra
756 3289 935 3348 Marcionem
958 3291 1105 3365 disputans
1126 3293 1212 3369 [loco
1233 3309 1290 3354 su·

211 3407 265 3464 pra
290 3390 333 3465 l.)
375 3390 528 3449 lectionem
562 3385 654 3449 otti
680 3407 709 3447 v.
726 3387 756 3447 u.
790 3392 1024 3464 depravationem
1056 3397 1151 3453 textus
1178 3395 1290 3470 antiqui

211 3490 395 3564 exisfimavit,
415 3491 514 3562 plures
534 3491 661 3548 movisse
680 3492 805 3569 videtur,
825 3498 856 3551 nt
875 3494 952 3553 hano
973 3493 1154 3554 omissionem
1175 3499 1290 3568 proba-

209 3595 283 3652 rent.
330 3591 473 3668 lienique,
499 3593 574 3665 quod
602 3607 654 3650 eoa
678 3595 778 3652 attinet
804 3595 908 3672 libros,
934 3598 964 3654 in
991 3597 1095 3670 quibus
1115 3599 1210 3656 solum
1238 3587 1289 3664 οἷς

209 3695 317 3770 legitur
341 3694 449 3767 aisque
475 3687 564 3764 odit,
590 3696 735 3766 posterius
755 3701 871 3770 propter
897 3697 1111 3756 similitudinem
1135 3701 1289 3774 utrinqne

151 3857 156 3862 ,
210 3796 345 3855 vocabuli
364 3799 395 3853 et
414 3795 585 3867 compendia
604 3795 765 3870 scripturae
784 3799 814 3858 in
834 3799 918 3858 codd.
937 3805 1075 3875 uam-pata
1092 3801 1181 3859 tacite
1193 3804 1287 3878 potmt

208 3913 309 3956 errore
328 3897 473 3955 sortiendi
492 3897 636 3954 excidere.
836 3931 839 3938 -

293 3999 436 4056 Adtlrmat
456 3998 614 4072 Apostolus
633 4013 737 4076 porro,
765 4005 877 4061 eeteros
897 4004 971 4063 Jesu
991 4003 1106 4081 legatos
1126 4004 1215 4064 mmo
1235 4007 1283 4064 rel
1360 4079 1361 4084 γ

210 4098 334 4159 mammo
353 4100 485 4175 insignes
506 4116 604 4159 eorum
626 4101 697 4158 nihil
716 4103 900 4163 desiderasse
920 4105 950 4164 ln
972 4121 1009 4164 ea
1029 4123 1112 4182 quam
1133 4107 1199 4180 ipse
1226 4109 1282 4166 ad-
1360 4103 1361 4108 ’

209 4197 268 4256 huc
292 4205 461 4274 usurpasset
485 4201 630 4280 evangelii
656 4203 883 4287 praedicatore,
908 4209 961 4274 sod
989 4224 1131 4272 consensu
1155 4209 1279 4272 manimt
