2736 4944
286 391 342 461 30
664 388 980 482 Prolegomeno.

285 562 387 640 lineo
411 561 504 642 enim
530 583 670 652 prorsus
697 569 890 652 repugnare
907 562 1096 630 existimat
1120 560 1206 630 loeis
1232 561 1342 650 episto

284 664 342 736 lae
356 666 384 735 1.
399 689 437 754 o.
457 666 497 734 4.
520 691 553 734 v.
575 664 637 732 13.
656 688 729 756 sqq.
750 688 781 734 e.
804 663 840 734 5.
863 666 927 753 in.,
948 666 1006 733 nbi
1027 664 1211 753 Apostolus
1231 690 1342 752 παροι

285 769 364 838 niun
384 767 583 839 servatoris
605 776 764 857 tanquam
787 777 944 839 eventum
965 768 1064 836 hand
1081 773 1132 834 r'ia
1159 769 1285 858 proed
1302 755 1342 836 ri

285 883 412 940 onmem
441 869 619 940 nuntiavit.
663 870 798 958 Quodsi
829 894 913 940 vera
946 879 1040 939 esset
1065 871 1184 937 horum
1209 869 1342 940 looorui

170 1039 172 1042 .
282 973 534 1061 repugnantia,
562 981 761 1062 sequeretur
789 973 923 1044 omnino
952 974 1067 1062 (quum
1088 975 1195 1062 prim
1225 970 1342 1059 quiden

285 1074 434 1164 epistola
453 1073 541 1140 nihil
562 1075 753 1162 contineat,
782 1078 870 1165 quod
893 1074 1056 1160 originem
1085 1074 1160 1140 eius
1182 1071 1342 1144 Paulinai

285 1183 479 1264 suspectum
501 1179 646 1246 reddere
675 1177 799 1265 possit,
828 1177 929 1244 immo
956 1175 1088 1264 inipso
1116 1174 1182 1242 lino
1210 1177 1342 1268 deserip

284 1279 378 1348 tione
399 1279 531 1346 reditur
551 1279 639 1346 Jesu
666 1279 795 1347 Christi
823 1278 928 1348 futuri
957 1278 1083 1346 ceteris
1105 1275 1206 1344 Pauli
1231 1278 1342 1363 episi<

284 1380 330 1450 lis
350 1380 452 1469 plano
481 1380 707 1468 consentiat),
736 1377 966 1450 fraudatorem
989 1382 1154 1470 quendam
1176 1376 1228 1447 vel
1250 1386 1342 1450 totai

284 1483 375 1550 hano
398 1480 576 1570 epistolam
597 1482 822 1570 posteriorem
842 1481 1009 1570 Apostolo
1040 1481 1273 1569 supposuisse,
1306 1505 1342 1550 v<

283 1583 399 1652 loonm
419 1582 593 1651 laudatum
616 1583 714 1671 oli,
732 1581 923 1654 v.1-1it.
945 1584 1144 1666 inseruisse,
1166 1590 1201 1650 et
1221 1580 1279 1647 illo
1305 1607 1342 1672 pi

284 1686 453 1754 tissimum
486 1685 592 1754 verba
619 1709 651 1754 v.
672 1684 727 1753 22
756 1709 867 1775 repere
888 1709 960 1775 per
987 1707 1177 1752 ισηιιοηειι
1203 1697 1264 1750 rat
1291 1711 1342 1780 ep

283 1789 405 1857 stolam
425 1801 589 1878 mmm
609 1811 633 1854 a
652 1810 707 1854 mo
722 1791 921 1878 profectum
943 1795 1007 1854 ete.
1031 1806 1214 1873 usurpasse
1222 1789 1270 1872 ⁹),
1296 1811 1342 1878 qn

283 1891 491 1959 Christianis
511 1893 746 1977 persuaderet,
767 1890 914 1976 priorem
936 1888 1029 1954 illam
1050 1886 1147 1972 (vere
1168 1884 1342 1962 Paulinan

283 2013 348 2078 pro
370 1991 488 2077 spuria
511 2011 589 2058 esso
611 1991 810 2058 habendam.
854 1991 1028 2076 Negemus
1055 2009 1154 2073 vero,
1182 1997 1342 2084 utramqu

284 2091 463 2180 epistolam
497 2091 597 2158 alteri
631 2093 877 2160 contradicere.
927 2090 1078 2178 Optabat
1105 2089 1237 2180 quidem
1265 2095 1342 2182 Api

284 2191 412 2277 stolus,
440 2194 531 2281 quod
553 2200 672 2260 ooetns
695 2193 881 2260 Christiani
901 2193 1127 2282 antiquissimi
1155 2215 1342 2282 magnopffl

284 2289 467 2380 optabant,
489 2302 528 2363 ut
549 2295 705 2363 Christus
725 2317 806 2363 moa
827 2303 1027 2381 appareret,
1057 2294 1182 2362 iudicio
1204 2294 1342 2370 sollemi

282 2418 385 2465 veros
406 2396 514 2482 ipsius
536 2397 684 2464 cultores
706 2396 805 2464 molis
827 2397 981 2464 omnibns
1003 2405 1200 2484 erepturus,
1223 2403 1261 2464 et
1283 2400 1342 2470 fel

227 2495 230 2508 '
284 2497 389 2566 nitate
410 2498 510 2586 regni
533 2499 637 2568 divini
658 2507 1019 2581 aeternnornotnrn13
1040 2500 1259 2586 videmusque
1283 2525 1342 2576 eui

283 2599 437 2684 pluribus
459 2601 544 2670 louis
566 2602 601 2668 in
622 2602 827 2690 cogitatione
848 2601 948 2667 liuius
971 2601 1101 2668 reditus
1122 2600 1210 2667 Jesn
1230 2599 1342 2678 Chris

271 2701 440 2790 forsitan
455 2725 566 2795 prope
586 2707 747 2770 stertentis
768 2703 857 2790 (ipso
878 2701 987 2770 Paulo
1016 2702 1127 2770 adhue
1152 2702 1185 2767 in
1207 2702 1283 2770 vita
1312 2734 1342 2778 si

284 2803 428 2890 perstite
458 2806 642 2893 eventnri)‘
657 2804 813 2871 lubenter
840 2805 987 2872 animum
1023 2803 1235 2890 defigentem·
1292 2809 1342 2878 Cl

282 2906 318 2975 J·
336 2903 491 2975 Omnth.
514 2906 576 2993 15,
596 2903 660 2973 52.
687 2912 742 2973 καὶ
763 2911 795 2974 οἱ
817 2911 926 2996 νεκροὶ
950 2901 1195 2994 ἐγερθήσονται
1215 2897 1342 2996 ὅφθα.

282 3032 355 3085 τοι,
382 3014 437 3076 καὶ
465 3003 587 3097 ἡμεῖς
614 3005 886 3097 ἀλλαγησόμεθα.
917 3009 992 3078 eoll.
1028 3033 1058 3078 o.
1078 3007 1115 3096 7,
1144 3032 1176 3077 v.
1196 3005 1261 3076 29.
1290 3037 1342 3104 sq,

282 3109 516 3180 Desiderahat
539 3114 706 3182 interdum
729 3115 898 3182 cmmoda·
922 3110 1102 3182 transitum
1130 3133 1174 3178 ex
1201 3111 1269 3180 hae
1297 3123 1342 3184 to

212 3262 217 3270 ·
282 3213 388 3282 restri
408 3214 481 3286 vita
501 3216 535 3300 in
558 3219 658 3286 seiles
680 3217 855 3284 beatorum
862 3265 874 3304 ,
902 3216 959 3305 qui
984 3214 1059 3284 lieri
1090 3220 1207 3300 posset
1233 3213 1342 3308 absqi

350 3402 379 3472 9)
396 3405 487 3458 Aliter
503 3404 611 3470 quidem
634 3407 721 3457 verba
743 3404 785 3457 ii.
800 3405 893 3456 Ποσει.
910 3407 941 3472 2,
960 3407 990 3458 2.
1014 3395 1080 3470 μήτε
1104 3392 1142 3453 δι’
1159 3399 1315 3470 ἐπιστολῆς

283 3477 322 3540 δι’
346 3479 422 3556 ἡμῶν
447 3490 646 3549 KoeiiIerur
674 3493 703 3541 in
725 3491 795 3542 libro
819 3491 845 3552 S.
867 3497 959 3542 antee.
983 3479 1057 3543 iaui'.
1085 3507 1111 3555 p.
1128 3490 1190 3541 192.
1215 3491 1342 3547 intonen

282 3575 445 3640 Apostolum
463 3575 514 3625 hoe
531 3575 582 3625 ribi
599 3575 723 3626 voluisse
741 3578 916 3627 existimans:
934 3579 1050 3642 siquis,
1074 3569 1233 3645 παρουσίαν
1253 3575 1342 3630 Dono

279 3663 407 3727 proxime
424 3663 480 3710 ian
497 3657 598 3710 nieme
614 3660 797 3726 probaturus,
820 3661 859 3710 uti
875 3672 952 3712 meur
968 3663 1062 3726 ipsius
1078 3661 1184 3722 (Penii)
1212 3671 1342 3714 sermon

270 3735 489 3811 provocaverit,
505 3751 638 3808 meaque
650 3744 834 3808 epistolarii.
847 3745 944 3796 suess.
963 3758 987 3796 ο.
998 3747 1026 3808 4,
1043 3761 1071 3798 v.
1081 3748 1122 3798 1³.
1135 3759 1195 3808 sqq.
1215 3758 1241 3796 ο.
1256 3749 1291 3796 ⁵.
1313 3752 1342 3800 in

282 3833 419 3896 teneatis,
437 3830 535 3894 veiim,
552 3841 596 3879 nie
614 3832 709 3891 utique
727 3828 870 3894 docuisse,
887 3830 948 3878 fieri
964 3841 1056 3892 posse,
1075 3836 1104 3881 iii
1121 3831 1234 3881 Domini
1254 3833 1342 3884 advo

282 3920 330 3968 tm
345 3917 429 3968 tinem
444 3913 519 3964 iilius
537 3916 667 3978 temporis
685 3915 758 3978 apud
774 3914 932 3976 prophetam
950 3913 1113 3976 (Danielem)
1139 3919 1301 3966 constituri
1324 3931 1342 3970 a

283 4003 422 4067 teverisi,
450 3997 501 4050 sed
525 3998 607 4048 etism
630 3998 784 4062 addidisse,
805 3993 1040 4048 Anti-Christum
1068 4001 1265 4062 appariturum
1297 4015 1342 4052 es:

281 4087 442 4149 prinsquam
458 4082 591 4135 Dominus
608 4084 723 4132 venerit
764 4081 905 4132 caleulum
926 4081 989 4131 huie
1005 4083 1230 4146 interpretationi
1255 4083 1342 4136 adiio

282 4180 359 4236 ren,
380 4171 434 4220 nisi
455 4168 522 4220 iliud
545 4155 581 4223 ὥς
601 4155 636 4214 δι’
663 4157 737 4234 ἡμῶν
762 4159 969 4233 (γεγραμμένης)
998 4168 1144 4222 nimiterto
1168 4168 1342 4232 epistolam

284 4250 372 4305 Penio
387 4264 444 4305 non
459 4265 527 4306 vere
544 4252 674 4316 scriptam
690 4255 825 4306 innueret.
