2772 4962
207 531 210 538 ,
257 455 341 531 24⁰
493 452 604 544 Epist.
624 451 670 522 11.
698 453 743 524 nd
764 449 1106 532 Thescelouioenser.

253 634 340 698 sione
359 610 431 694 dere
451 629 598 708 deliciunt,
618 631 656 690 de
670 581 777 690 ecdem
796 629 941 692 hominum
959 645 1070 708 penore
1088 627 1335 701 ietepmunonn

255 753 326 796 esee
346 735 510 794 vaticinium
531 735 561 792 in
582 749 628 805 ep.
648 737 746 792 nostre
773 734 811 792 de
830 732 946 791 bomine
972 732 1028 811 τῆς
1054 722 1220 811 ἁμαρτίας
1246 733 1336 789 exiu-

259 839 365 916 bitum,
386 851 479 910 neque
499 833 636 911 intelllgi,
656 835 725 909 quid
744 835 848 902 tuerit,
870 835 946 907 quod
965 833 1140 907 Apostolus,
1160 833 1185 890 si
1206 833 1246 890 de
1267 827 1335 892 οἷν-

259 936 409 1019 τιχρίστῳ
430 942 565 1010 unquam
583 937 730 994 individuo
752 936 924 1012 cogitesset,
949 936 979 994 ln
1000 951 1065 1008 epp.
1091 935 1132 993 ed
1152 933 1336 992 Timotheum

258 1041 298 1099 de
324 1056 380 1100 uno
407 1039 457 1098 illo
481 1037 633 1114 religionis
665 1054 756 1096 verse
784 1037 953 1095 sdverserm
982 1036 1091 1113 insigni
1116 1051 1154 1095 ne
1180 1037 1335 1095 verbulum

257 1141 373 1218 quidem
398 1141 527 1198 adderet
577 1139 688 1198 Verum
719 1139 866 1196 enimvero
890 1139 1050 1196 littererurn
1077 1136 1227 1197 'timotheo
1256 1141 1336 1198 scri-

259 1247 372 1317 pturum
391 1257 450 1298 non
477 1255 598 1313 prorsus
616 1241 692 1299 idem
719 1241 776 1298 luit
801 1240 966 1315 consilium,
992 1241 1068 1315 quod
1094 1240 1219 1314 l’eulus,
1248 1257 1337 1314 quum

257 1341 534 1402 unemuomeensee
561 1344 597 1401 de
622 1341 738 1400 bomine
765 1341 823 1414 τῆς
858 1331 979 1421 ἇμαρτ.
1014 1343 1164 1416 edoceret,
1196 1346 1338 1417 consequi

258 1445 359 1504 voluit.
402 1443 582 1503 'limctbeum
603 1445 708 1519 quippe
734 1443 935 1502 cohorteturus
955 1447 1034 1520 eret,
1060 1448 1107 1518 ut,
1132 1445 1265 1502 muneris
1294 1447 1337 1502 sui

259 1546 429 1608 suctoritete
460 1551 540 1604 recte
566 1545 747 1622 uernpende,
773 1546 938 1604 doctoribus
962 1546 1021 1604 illis
1048 1545 1133 1604 venis
1160 1550 1190 1604 et
1216 1546 1257 1604 ed
1278 1547 1337 1605 Ju-

259 1649 400 1710 munem
425 1648 643 1720 proclivioribus
669 1651 699 1704 et
719 1647 833 1706 omnino
853 1647 959 1720 pisctu
978 1661 1119 1720 perverse
1135 1650 1163 1704 et
1184 1651 1338 1720 queoefio·

259 1767 313 1810 nes
332 1743 434 1824 perum
454 1751 539 1808 utiles
557 1750 760 1826 propageturls
783 1751 894 1809 fortiter
911 1753 1097 1825 repugnaret.
1135 1749 1281 1824 Putetpue
1304 1769 1337 1810 er

253 1856 289 1916 J.
305 1855 380 1912 Tim.
393 1853 434 1932 4,
447 1855 478 1912 3.
491 1853 524 1911 8.
554 1854 602 1913 Π.
618 1854 787 1930 ummo.
810 1845 951 1928 (ἔχοντες
977 1845 1191 1930 μόρφωσιν
1216 1845 1337 1915 erior-

258 1951 391 2035 βείας)
418 1952 450 2012 b·
474 1953 495 2010 l.
520 1953 634 2012 minime
667 1954 788 2012 eeudem
820 1953 947 2012 describi
978 1951 1153 2025 impietetem
1181 1969 1334 2030 summam,

254 2071 337 2131 onec
355 2056 387 2114 in
412 2069 457 2128 ep.
479 2047 520 2115 u.
539 2054 579 2112 ed
605 2055 707 2114 Tbose.
733 2053 841 2113 bomini
866 2053 923 2126 τῆς
950 2045 1071 2134 α’μαρτ·
1098 2056 1257 2134 tribuetur,
1283 2075 1337 2116 su-

257 2171 313 2232 pro
344 2170 428 2214 omne
461 2154 538 2229 quod
563 2156 643 2214 Deus
675 2160 796 2214 vocuur
832 2160 882 2213 eut
911 2155 1050 2232 religiose
1081 2157 1236 2217 colendum
1271 2176 1337 2218 seso

258 2257 386 2332 elrturo,
405 2257 458 2314 sed
479 2256 620 2314 eiusmodi
640 2257 872 2333 perversitatem,
896 2273 971 2332 pune
990 2260 1119 2333 spectent
1139 2265 1242 2334 captet
1269 2263 1338 2332 pie-

260 2359 327 2418 tetis
347 2373 422 2434 erge
442 2360 535 2416 licum
555 2357 628 2416 elios
649 2359 849 2434 decipientem,
874 2359 916 2418 ite
941 2364 972 2421 ut
997 2358 1072 2419 neec
1092 2365 1151 2420 tote
1177 2362 1337 2434 descriptio

260 2460 348 2520 multo
374 2459 469 2535 pob'us
491 2461 648 2519 ¹conveniet
674 2461 718 2544 τῷ
740 2455 898 2539 μυστηρίῳ
920 2461 977 2532 τῆς
998 2455 1140 2540 ἀνομίας
1165 2465 1214 2524 Π.
1233 2465 1337 2524 rum
1378 2431 1379 2469 ¹

259 2565 338 2640 ’,7.
366 2577 452 2636 quom
480 2561 589 2620 homiui
617 2563 673 2636 τῆς
699 2553 873 2642 ἁμαρτίας.
921 2561 989 2622 Non
1015 2563 1140 2623 habebnt
1163 2565 1339 2640 Apostolus,

260 2663 338 2738 quod
363 2663 394 2722 in
419 2663 522 2722 litteris
547 2664 739 2737 pestorelibus
759 2664 907 2722 docuisse
933 2665 971 2722 de
990 2665 1039 2723 illo
1060 2659 1257 2740 disquirere
1281 2669 1339 2726 'li-

259 2763 373 2824 motbeo
393 2765 465 2824 setis
486 2766 621 2841 cognitae
652 2765 823 2824 mentionem
848 2767 1003 2838 seperatim
1027 2765 1168 2826 iniiceret.
1208 2767 1338 2826 Animos
1377 2747 1378 2775 ¹

258 2882 330 2926 vero
357 2865 669 2941 thessalonicensium,
700 2882 739 2925 ne
765 2864 950 2943 παρουσίαν
977 2867 1091 2926 Domini
1117 2869 1249 2940 proxime
1275 2872 1338 2929 iem

257 2968 367 3029 instare
385 2967 594 3046 oxisdmermt,
620 2981 740 3041 eumque
759 2967 883 3044 singulis
902 2973 966 3028 tere
993 2969 1139 3028 mensibus
1156 2970 1245 3030 immo
1268 2973 1339 3030 die-

257 3073 313 3136 bus
333 3070 382 3130 vel
401 3071 488 3130 enxle
508 3075 706 3144 exspectarent
738 3069 787 3129 vel
813 3070 945 3142 cupidius
971 3075 1152 3148 expeterent,
1178 3073 1220 3132 ed
1247 3073 1338 3132 eius·

259 3173 338 3234 modi
357 3187 419 3232 rem
439 3179 606 3233 eventurum
627 3173 712 3247 plene
730 3173 884 3256 insignem,
903 3175 1028 3231 noudum
1049 3179 1240 3250 praesentem,
1262 3193 1339 3250 quse

258 3275 413 3333 edventnm
439 3275 553 3334 Domini
579 3289 770 3348 presumere
794 3279 873 3332 esset
901 3275 1121 3351 (cpperitionem
1147 3276 1204 3338 rei
1238 3271 1341 3338 u’m-

258 3368 408 3450 χρίστου)
432 3379 602 3434 convertere
620 3375 720 3434 voluit.
769 3375 936 3450 Quenqusm
958 3377 1091 3436 Christus
1109 3378 1140 3436 in
1158 3378 1195 3438 iis
1217 3381 1337 3452 quidem
1375 3359 1376 3385 ¹

259 3474 455 3549 sermonibus,
475 3490 548 3548 quos
566 3476 767 3554 evengelistee
786 3478 940 3538 memoriae
960 3480 1161 3555 prodiderunt,
1180 3478 1255 3538 nibil
1276 3497 1341 3540 un-

258 3591 345 3652 qunm
372 3576 410 3634 dc
435 3591 498 3634 uero
510 3569 641 3650 'quodem
660 3577 768 3654 insigni
795 3577 886 3650 ipsios
906 3579 1075 3640 edversario
1095 3581 1163 3638 olim
1183 3583 1340 3654 prodituro
1374 3629 1375 3691 ρ

258 3677 431 3752 mundent,
458 3677 512 3737 sed
539 3677 675 3736 universe
705 3683 812 3740 mutum
838 3681 995 3755 discipulos
1021 3683 1187 3742 cohortetur
1215 3688 1280 3762 est,
1308 3691 1343 3742 ut

257 3781 314 3841 sibl
334 3782 425 3853 probe
445 3785 582 3839 soverent
607 3796 626 3837 e
646 3776 933 3860 ψευδοπροφήταις
953 3781 1243 3866 οοψεοὸοχρίοιοος
1266 3789 1341 3844 olim

251 3883 364 3976 muru
384 3883 517 3961 (umen
530 3883 592 3962 es,
605 3884 665 3943 αα.
686 3884 1231 3964 maro.1e‚sr.),nn0notenen
1242 3889 1344 3959 spo.

256 3985 324 4044 stoli
344 4001 381 4042 ex
400 3985 450 4042 ille
477 3985 542 4045 ruis
568 3981 802 4066 ψονδοχρίσταν
828 3988 1002 4062 cogitatione
1026 4005 1062 4048 eo
1087 3989 1204 4048 iecilius
1231 3993 1342 4048 enasci

249 4083 349 4155 potuit
373 4083 473 4162 imego
497 4089 590 4146 αοὲαο
615 4086 793 4160 pou'sslmum
823 4087 947 4148 bominis
973 4091 1031 4162 eric
1058 4081 1242 4170 sincerius·
1276 4109 1344 4164 uuo
1372 4075 1373 4078 ¹

259 4184 354 4259 inopis
373 4186 448 4244 inter
467 4187 595 4248 Judeees
615 4194 680 4261 post
698 4187 827 4248 oeneus
844 4195 974 4264 tempore
1000 4191 1133 4266 plausum
1152 4196 1240 4250 necte
1260 4195 1343 4250 lue-

258 4287 305 4344 ret
324 4287 499 4364 exspecteb'o
518 4289 740 4352 Anii-curisti.
789 4291 864 4364 oud
889 4292 958 4354 iude
982 4297 1133 4372 sequetur,
1159 4293 1186 4354 sl
1206 4295 1343 4358 reulum

1366 4703 1371 4947 l
