2718 4952
234 418 394 511 Epistola
416 423 459 490 ad
483 419 637 490 Gniatss.
667 422 704 491 0.
725 419 788 493 lli.
816 422 861 498 V·
883 421 949 496 20.
1051 425 1134 500 465

52 621 56 634 ·
81 591 201 658 11111110
220 611 297 656 nexu
319 595 524 674 eogitaiionurn
544 595 624 658 i'seiii
644 597 799 658 derivetur.
840 599 906 660 iioo
918 599 1033 664 nomina
1046 618 1133 666 oom-

80 701 232 758 mendantur
251 700 364 758 omnino
383 700 588 773 interpretandi
606 701 775 779 tentamina,
801 717 875 776 quae
900 705 1025 764 Bonita
1052 708 1133 767 wi-

78 801 254 874 moralique
275 801 472 860 exbibuerunt.
513 801 651 860 Attamen
670 800 772 862 horum
793 805 938 862 sententiis
958 807 1015 865 alia
1035 823 1132 884 argn-

76 905 162 962 monta
178 903 306 979 ommno,
327 917 416 976 supra
434 903 464 961 in
485 903 658 974 explicanda
676 903 746 980 lege
758 901 787 962 1.
809 911 837 964 et
851 901 882 964 d.
901 906 1034 967 vidimus.
1075 913 1133 970 In-

74 1003 184 1081 geniosa
212 1007 331 1076 apparet
368 1019 452 1076 quiam
478 1019 570 1076 nuper
596 1005 636 1062 V.
661 1005 761 1064 Keru
792 1009 921 1066 exhibuit
953 1009 1000 1084 [in
1027 1025 1131 1070 oomrm

72 1121 155 1179 supra
171 1105 206 1182 1.)
232 1105 440 1177 interpretatio:
465 1103 552 1180 (vbis.
577 1104 718 1166 habentur
741 1108 902 1169 adversarii
927 1111 1023 1187 legem
1050 1111 1129 1172 Mos.

71 1206 102 1266 in
125 1209 283 1282 perpetuom
311 1207 462 1298 valitmam
482 1206 680 1286 defendentis)
700 1211 848 1269 modiolos·
873 1213 970 1287 pedoni
995 1227 1058 1272 mom
1085 1219 1131 1274 esi

69 1310 157 1368 mmet
173 1314 289 1367 iontem
300 1307 422 1386 partib,
447 1307 522 1367 inter
543 1311 615 1368 duas
635 1312 732 1382 partos
757 1311 862 1386 aliquid
882 1311 1030 1389 transigit,
1054 1329 1131 1388 quae

68 1408 168 1468 omoiis
194 1409 280 1468 oertis
304 1409 534 1486 obstringuntur,
560 1413 623 1471 inm
648 1428 719 1472 vero
739 1413 826 1473 Derm
845 1419 891 1473 eei
909 1429 974 1473 nno
996 1431 1074 1490 pon
1099 1416 1130 1476 in

64 1509 184 1586 legislat-
202 1509 348 1586 bioseioa,
374 1513 454 1569 Deus
478 1527 591 1585 quoque
612 1514 740 1573 otiolum
764 1515 907 1592 suscepit,
932 1514 1078 1593 homines,
1102 1519 1130 1580 si

64 1613 125 1688 legi
144 1611 215 1670 iilos.
236 1612 444 1688 satisfecerint,
465 1613 564 1672 beatos
584 1615 733 1672 reddendi.
773 1617 822 1672 iix
847 1615 894 1674 his
919 1618 1017 1691 udquo
1044 1619 1127 1676 deri-

62 1713 128 1772 vsri
146 1717 252 1785 poterat
270 1711 459 1789 iuterrogatio
477 1729 509 1774 v.
520 1714 584 1772 iis
611 1715 720 1773 sioeine
740 1713 787 1773 lex
807 1715 952 1792 liioseion,
971 1734 1029 1792 qua
1048 1721 1129 1778 Deua

59 1815 149 1876 veluti
165 1815 341 1887 provinciam
356 1815 419 1887 ipse
434 1814 488 1873 sibi
504 1815 638 1888 imposuit
647 1817 778 1876 homines
794 1823 922 1892 proptor
942 1812 1037 1900 ἔργα
1058 1813 1127 1880 νό-

58 1935 138 1999 μον
165 1915 266 1974 telioes
295 1915 456 1992 reddendi,
485 1920 597 1992 pugnat
628 1931 694 1976 oum
720 1920 908 1991 promissione
939 1921 1007 1978 olim
1039 1919 1128 1981 datai

56 2019 168 2076 Verum
198 2016 345 2075 enimvero
377 2032 469 2075 nexus
496 2033 552 2092 quo
582 2033 687 2077 versus
712 2018 764 2094 bi.
790 2019 848 2078 bae
873 2021 983 2078 rationo
1008 2023 1127 2094 probata

55 2116 214 2178 versutae.
235 2117 419 2193 ooniungiiur
438 2119 509 2177 mihi
529 2119 643 2194 quidem
663 2120 756 2180 minus
775 2125 895 2195 apparet
915 2121 1020 2198 meilis,
1039 2139 1127 2198 quum

52 2220 107 2278 ills
121 2218 217 2278 voiiioil
242 2219 378 2294 eogitatio
405 2221 452 2278 eui
477 2221 557 2278 lieus
584 2236 618 2278 ao
642 2221 707 2293 ipse
732 2222 823 2280 veluti
850 2223 1023 2299 obligaverit
1048 2224 1126 2284 haud

52 2321 143 2381 dubie
160 2320 253 2398 magis
273 2321 426 2393 perspicuo
447 2322 567 2394 exprimi
586 2323 742 2400 debuisset,
760 2337 845 2398 quam
865 2325 931 2383 rbb.
952 2316 971 2385 o‘
993 2323 1027 2386 ti
1047 2321 1126 2394 derio

52 2418 101 2489 εἷς
121 2417 210 2483 ἐστίν.
259 2421 325 2479 Neo
346 2421 407 2497 legi
427 2421 457 2480 4.
484 2424 559 2481 liaeo
579 2425 652 2482 mtio
671 2426 742 2501 sptis
761 2426 977 2483 aeeommodata
1002 2427 1125 2486 videtur.

50 2525 239 2598 Subiungore
256 2523 358 2597 paneis
378 2522 464 2580 deest
485 2539 580 2581 msom
600 2525 637 2583 do
656 2524 721 2582 iooo
734 2529 839 2581 vexeto
854 2529 934 2583 reete
948 2527 1126 2598 expediendo

45 2611 268 2700 persuasionem
291 2624 428 2699 [tonino
448 2623 497 2681 bio
516 2626 577 2682 lilio
601 2625 658 2684 iam
684 2625 873 2702 propositam,
897 2627 1024 2702 ingenuo
1050 2629 1125 2688 enim

43 2727 201 2803 prodteor,
227 2741 274 2784 me
294 2730 382 2784 totam
403 2724 481 2786 iilam
502 2726 704 2786 sententiarum
730 2727 768 2785 do
792 2725 850 2785 hoo
874 2726 940 2786 loeo
966 2724 1126 2788 diversita-

41 2837 106 2890 torn
129 2831 225 2886 menta
244 2829 329 2900 stqns
348 2829 486 2886 memoris
512 2829 662 2901 eompleoti
688 2843 745 2886 non
771 2829 927 2905 potuisse).
972 2831 1126 2908 Equidem,

38 2934 159 3002 sepiem
181 2927 294 3004 legibus
315 2928 466 3002 desoriptis
486 2932 668 3004 obsequntus,
690 2929 838 2987 eonsilium
851 2929 935 2988 Pauli
954 2928 1012 2988 hoo
1030 2933 1124 2990 inissa

37 3029 196 3105 existimo,
216 3033 249 3088 ut
268 3030 376 3102 aliquid
396 3031 507 3088 dioeret
532 3030 570 3087 do
590 3030 779 3106 legislationis
800 3030 974 3107 sinaitioae,
992 3033 1125 3091 foederi-

36 3137 100 3194 bus
120 3131 257 3190 buraauis
276 3131 394 3188 multum
415 3132 597 3206 praestantis,
618 3133 788 3188 euotoritste
813 3136 899 3204 atqrm
925 3131 1064 3208 dignitato
1085 3150 1123 3194 ex

33 3239 109 3308 lpaa
133 3232 211 3309 (non
232 3230 327 3291 blesis
348 3231 476 3307 qrddem,
500 3232 570 3308 sed)
593 3231 648 3289 liei
672 3233 799 3290 auctoris
827 3232 904 3308 legis
924 3232 1002 3292 mos.
1023 3239 1126 3294 natura

31 3334 247 3410 intelligenda.
295 3333 462 3406 Quanquam
484 3335 586 3392 voeab.
614 3321 668 3398 sio
691 3349 748 3409 per
763 3349 798 3392 re
815 3339 983 3408 spectatum
1003 3349 1058 3394 son
1078 3339 1125 3396 si-

29 3437 166 3515 gnifieat
187 3449 249 3492 rem
269 3432 449 3492 hominemne
469 3434 688 3510 immutabilem,
714 3435 800 3492 tasilo
819 3440 913 3492 tamen
941 3432 1017 3493 liaeo
1036 3438 1126 3514 eogi-

27 3540 111 3599 tntio
127 3539 197 3596 dees
209 3538 261 3611 peri
279 3539 336 3594 1111
352 3541 469 3594 roristot
490 3542 519 3592 ei
534 3539 613 3593 idem
631 3542 732 3594 monet
744 3549 795 3607 pro
817 3541 896 3594 oens
910 3538 1035 3610 quadem
1054 3553 1126 3596 ora-

25 3641 129 3700 tionis
150 3639 231 3696 serie
251 3640 423 3695 adnectitur
442 3636 642 3710 significationi
661 3637 808 3714 propriso,
828 3641 882 3698 eir.
897 3641 1013 3702 Ronme
1024 3641 1059 3717 o,
1071 3643 1123 3697 ³0.

24 3743 181 3816 Philipp.
197 3741 230 3818 1,
239 3743 293 3798 27.
335 3738 379 3796 lie
395 3739 614 3796 mutstioneseu
634 3737 819 3813 abrogatione
839 3739 1030 3812 dispositionis
1050 3755 1124 3797 ssu·

22 3847 117 3902 oitae
141 3859 171 3901 s.
192 3839 319 3898 foederis
339 3853 433 3900 sermo
454 3840 549 3896 iuerat
569 3855 597 3896 v.
615 3836 728 3896 1o.1⁷.
747 3855 807 3913 sqq.
849 3841 904 3898 iiis
923 3841 1124 3912 praeeuntibus

22 3959 127 4004 nemo
151 3943 244 4000 sanilo
264 3943 294 4000 in
314 3955 349 3997 eo
370 3940 502 4014 otiendat,
524 3941 599 4013 quod
613 3941 753 3998 vocabulo
774 3937 818 4006 εἷς
837 3941 867 3998 in
889 3945 1009 4014 utroquo
1028 3956 1124 3999 mem-

18 4051 86 4108 bro
112 4061 149 4101 v.
167 4041 221 4101 to.
242 4043 383 4100 notionem
404 4042 635 4099 immutabilitatis
655 4057 680 4100 a.
701 4040 876 4098 oonsiauiiao
896 4041 1058 4102 adbserera
1075 4044 1124 4101 di-

18 4161 156 4206 eamus.
203 4137 329 4206 Εῖναι
349 4159 421 4202 vero
443 4161 547 4207 esron
567 4143 595 4200 b.
616 4144 635 4200 l.
656 4144 768 4219 eodem,
790 4141 906 4218 opinor,
925 4158 1013 4202 sensu
1034 4159 1125 4204 maur-

15 4255 122 4324 patur
138 4263 204 4325 quo
225 4248 353 4308 scon.
364 4247 397 4326 1,
411 4245 462 4305 12.
475 4247 509 4326 3,
520 4245 557 4302 4.
578 4248 747 4318 apartibus
759 4243 997 4324 bimatus,
1018 4247 1047 4306 oi
1064 4248 1125 4306 od·
