2704 4954
168 358 170 366 Α
239 409 320 483 596
384 411 538 501 Epistola
559 413 604 480 ud
625 409 782 480 Galatas
826 409 938 479 tivi.
960 409 1158 481 uti-lo.

237 593 368 650 lubenter
381 589 577 664 concedimus,
593 589 736 647 notionem
750 587 1002 665 clrcumveniendi,
1021 607 1044 648 s.
1059 589 1168 649 fallendi
1179 589 1272 664 uliquon

236 693 316 751 baud
336 691 459 750 alienam
480 707 547 749 esse
567 708 585 748 a
607 691 721 749 notione
741 691 888 749 irridendi.
936 693 1182 752 Immutobilitetem
1203 693 1272 765 potis-

237 796 340 852 simum
361 799 390 852 et
410 793 610 852 efficucltntem
636 809 777 850 summam
805 809 918 869 eorum,
947 810 1021 868 qnae
1045 797 1123 854 Deris
1146 795 1273 852 decreverit

238 897 276 954 de
302 897 448 969 punienda
473 897 576 971 quavis
601 893 797 971 improbitate,
827 897 1036 954 remunerando
1065 897 1196 970 probitate
1219 895 1273 952 ni

236 1001 331 1057 enimc
352 1000 442 1057 tenuit
461 999 628 1072 Apostolus.
671 999 808 1072 Sequitur
824 999 915 1056 enim:
937 990 956 1057 i
977 991 1054 1077 γὰρ
1075 994 1142 1060 ἐὰν
1154 1003 1202 1056 ete.
1226 998 1274 1054 Vo-

238 1101 305 1158 cula
332 1097 404 1162 iou
431 1116 483 1174 pro
504 1106 609 1158 natura
629 1116 683 1158 sus
704 1099 887 1158 conditionali
907 1099 985 1158 eth.
1006 1101 1026 1158 l.
1048 1105 1078 1159 et
1097 1101 1158 1160 aliis
1175 1101 1234 1158 locis
1249 1097 1273 1154 i.

238 1203 272 1260 Β.
294 1203 342 1261 ubi
362 1195 399 1268 dc
419 1199 494 1280 loir,
523 1191 644 1277 ὦὲᾰν,
672 1193 690 1261 ὅ
712 1222 743 1260 τι
764 1193 826 1261 ἐάν
853 1207 882 1259 et
908 1202 1013 1260 similia
1038 1204 1183 1280 leguntur,
1205 1203 1276 1272 utique

237 1305 340 1384 babet,
360 1305 390 1362 io
411 1320 467 1380 quo
488 1307 625 1363 offendas
669 1303 876 1379 Concedimus,
896 1303 1009 1378 quotics
1029 1305 1099 1363 tolia
1118 1304 1187 1377 apud
1203 1305 1276 1374 scrip-

237 1413 317 1465 torcs
349 1407 486 1464 classicos
514 1407 684 1483 obvenient,
719 1406 903 1464 scribendum
934 1422 1000 1464 esse
1028 1401 1072 1466 ἄν
1105 1405 1279 1483 (Hermann

238 1510 275 1566 od
297 1509 473 1584 Vigerum
495 1511 533 1566 de
553 1513 635 1570 idioi.
656 1525 704 1586 gr.
729 1510 794 1567 Vol.
811 1510 858 1566 11.
883 1526 915 1583 p.
929 1511 1004 1567 795.
1025 1511 1072 1567 ed
1086 1507 1202 1586 lece).
1227 1507 1279 1563 No-

237 1613 287 1668 lim
309 1612 411 1669 eadem
434 1611 606 1668 confidentia
626 1625 692 1668 cum
713 1609 948 1668 Lachmanno
969 1615 998 1668 ct
1018 1610 1166 1668 stllo
1183 1609 1278 1686 (Clario

238 1717 276 1772 N.
293 1715 326 1772 Τ.
347 1716 393 1770 ed.
406 1715 453 1771 Π.
480 1713 513 1772 l'.
526 1714 553 1772 l.
574 1731 606 1788 p.
616 1711 692 1788 58.)
714 1713 779 1770 loce
800 1711 1060 1788 corrigerem.
1082 1717 1178 1770 contre
1195 1723 1276 1768 omnen

238 1816 322 1873 codd
351 1819 381 1872 ct
410 1820 522 1887 patrum
547 1813 760 1891 auctoritatem,
787 1831 874 1888 quum
895 1813 1008 1890 ,Graeci
1040 1815 1166 1874 seriores
1192 1811 1277 1872 inrito

237 1916 381 1978 communi
403 1911 446 1975 ἄν
468 1922 496 1973 ei
526 1909 586 1974 loir
606 1917 749 1972 interdum
769 1917 933 1988 promiscue
957 1915 1128 1974 adhibuisse
1151 1915 1219 1975 houd
1238 1913 1276 1969 in-

238 2017 419 2090 probabiliter
440 2019 653 2093 existimentur,
680 2017 728 2074 vd.
749 2017 877 2075 Winer
900 2019 1092 2079 &ammiti
1112 2026 1163 2079 eto
1183 2013 1272 2075 edili·

236 2139 267 2194 p.
287 2123 364 2178 267.
412 2119 618 2194 Quweunqce
638 2121 718 2176 enim
743 2118 801 2194 (uit
820 2121 994 2198 Apostolus)
1017 2122 1108 2182 Ιιοπιο
1128 2122 1237 2196 merit,
1253 2130 1276 2170 it

200 2247 203 2262 ·
237 2227 344 2299 coelet,
371 2221 390 2278 i.
412 2237 439 2294 q.
460 2220 527 2296 (vd.
548 2237 578 2276 v.
596 2218 645 2296 8.)
667 2219 735 2276 olim
754 2226 861 2278 sortem
887 2223 1011 2293 accipiet
1037 2223 1076 2281 iis
1104 2240 1173 2298 quae
1195 2221 1220 2277 ir
1241 2218 1278 2272 bue

237 2328 316 2380 terra
343 2321 445 2379 lecerit
475 2335 596 2393 prorsus
622 2323 883 2399 accommodatam
911 2325 1006 2396 prouti
1033 2325 1064 2382 in
1091 2323 1221 2383 boeriis
1247 2317 1280 2374 vel

238 2423 313 2484 male
333 2424 381 2480 vel
402 2423 474 2480 bene
494 2439 528 2482 se
548 2423 684 2500 gesserlt,
704 2423 733 2479 ln
753 2423 844 2482 alteru
864 2423 913 2483 vel
939 2425 1077 2484 miseriae
1098 2427 1152 2485 erlt
1171 2419 1280 2484 obnoxiu

238 2526 287 2582 vel
306 2525 399 2583 solute
419 2540 492 2582 vera
513 2527 635 2584 fruetur.
683 2524 806 2583 Locutio
827 2529 873 2583 est
896 2528 1089 2600 proverbialis
1114 2528 1236 2588 universe
1256 2523 1280 2578 ie

237 2629 275 2686 iis
295 2633 446 2700 usurpata,
472 2642 546 2701 quoe
571 2642 624 2700 pro
652 2627 769 2684 diversa
792 2629 934 2686 lectorum
960 2633 1066 2687 notura
1098 2636 1280 2706 consequentiis

236 2731 267 2789 1.
284 2731 412 2806 Corr.9,
425 2729 478 2790 11.
512 2729 747 2808 ll.Corr.9,6.
782 2730 1057 2808 Proncrbb.22,8.
1088 2733 1205 2792 Aristot.
1228 2729 1279 2786 rie-

237 2831 493 2910 tor.111,c,18.
523 2832 583 2890 cio.
604 2833 643 2889 de
663 2837 738 2890 orat.
756 2833 790 2908 2,
809 2833 862 2888 ⁶5.
891 2830 939 2907 (ut
958 2837 1116 2893 sementem
1135 2831 1240 2907 moui,
1254 2827 1279 2884 itt

237 2934 358 3010 metes).
402 2932 551 2990 Sententia
571 2932 729 2992 communis
748 2935 920 2991 transfertur
945 2933 976 2992 in
1001 2951 1082 3011 seqq.
1103 2935 1142 2994 ad
1164 2934 1210 2992 llla
1226 2931 1279 2988 siue

237 3049 347 3111 genera
368 3033 575 3110 diversissima,
594 3033 631 3091 de
653 3035 754 3108 quibus
767 3035 808 3112 V,
822 3033 873 3092 17.
895 3052 956 3110 sqq.
976 3053 1073 3097 sermo
1094 3039 1197 3115 rueret,
1213 3035 1245 3092 ito
1259 3035 1278 3084 ut

238 3141 340 3194 notma
360 3133 483 3192 bominis
504 3139 533 3194 et
552 3136 670 3195 interior
691 3137 823 3196 sensibus
843 3136 998 3214 indulgens
1021 3133 1144 3220 (σὰρξ)
1172 3141 1199 3196 et
1214 3148 1278 3210 proe-

237 3237 358 3296 stantior
379 3251 432 3310 per
453 3236 591 3308 Spiritum
611 3238 670 3298 dlv.
690 3237 814 3296 ommate
838 3237 999 3320 (πνεῦμα)
1020 3241 1104 3318 agris
1125 3242 1280 3314 comparetur,

237 3340 287 3414 qul
307 3342 511 3416 conseruntur,
530 3340 690 3416 frugesque
710 3341 856 3413 proterant
876 3341 1093 3402 diversissimos
1112 3339 1195 3400 indoli
1212 3336 1278 3398 seui

237 3441 283 3502 nis
304 3440 517 3498 convenientes.
558 3441 626 3499 Non
647 3442 768 3500 dixerim
785 3457 851 3500 omn
872 3443 1067 3520 Rrickerto,
1088 3445 1278 3521 imaginemus-

237 3543 321 3602 miuis
340 3542 398 3600 ism
418 3555 538 3614 prorsus
560 3543 665 3602 cedere
684 3545 804 3620 imagini
824 3559 971 3620 agrorum.
1013 3546 1114 3604 Solent
1135 3543 1228 3620 quippo
1243 3549 1277 3610 ort

237 3644 321 3702 varis
341 3658 479 3719 ugrorum
499 3643 596 3702 indole
616 3647 735 3703 mereo
754 3649 902 3706 seminium
919 3663 1033 3723 penora
1052 3645 1188 3706 adhiberi
1210 3644 1242 3698 V·
1258 3637 1277 3691 8-

229 3737 317 3805 'Oea
339 3733 357 3804 ὅ
383 3741 555 3820 σπείρων
576 3751 631 3804 etc.
674 3749 848 3827 Siquidem,
875 3751 981 3824 quiin
1001 3765 1095 3808 corne
1120 3765 1175 3807 suo
1197 3739 1278 3804 merit

239 3845 306 3920 (qui
326 3861 359 3903 se
380 3851 470 3904 totum
491 3847 633 3904 addixerit
654 3851 746 3926 carni,
772 3867 796 3907 s.
818 3851 866 3924 qui
888 3850 1057 3923 cupiditates
1077 3865 1180 3924 proves
1198 3848 1277 3908 lovwr

236 3948 366 4022 ollasque
393 3947 506 4006 redlccs
532 3963 622 4025 agere
653 3952 791 4028 potietur,
822 3954 928 4029 fruges
954 3953 1022 4010 indo
1050 3947 1226 4024 exspetens]
1247 3954 1276 3997 tt

237 4063 331 4108 corne
351 4055 440 4108 nutet
457 4053 630 4124 permutem.
674 4044 819 4130 Φθορᾶ
849 4056 936 4111 etde
963 4055 1157 4128 corruptione,
1181 4043 1276 4111 interito,

237 4153 329 4208 morte
350 4165 437 4208 sonsu
457 4151 578 4225 physico
599 4153 656 4212 dlo
684 4156 712 4213 I.
733 4157 818 4216 corr.
837 4157 891 4234 15,
910 4157 968 4214 42.
986 4159 1038 4214 50.
1059 4155 1157 4215 LXX.
1182 4147 1274 4210 mictu

237 4255 272 4332 2,
286 4245 337 4310 10'.
365 4253 528 4314 Herodian.
544 4257 577 4335 I,
590 4257 645 4337 12,
658 4257 689 4317 2.
701 4257 731 4314 6.
760 4259 847 4316 Plato
871 4257 1010 4317 limosus
1033 4276 1065 4333 p.
1085 4257 1135 4316 16.
1161 4253 1201 4312 ed.
1219 4247 1273 4305 lit·
