2710 4954
218 461 300 533 232
605 459 913 548 Prolegonrena.

218 643 348 716 tantnr3
369 631 395 699 ii
415 654 515 720 vcro,
537 631 593 721 qni
614 640 757 718 negant,
778 628 977 720 Apostolum
994 633 1101 720 proies
1124 629 1287 701 visitasse

219 738 380 813 Galatas,
407 757 506 824 quem
526 741 615 801 teste
636 734 736 801 Luca
760 735 855 801 Aott.
880 731 943 819 16,
965 729 1002 798 6.
1029 731 1143 820 lieret,
1170 737 1289 802 altera

218 845 292 909 οἶσε
312 836 454 906 Paulum
475 839 608 902 seraehri
624 839 755 903 demum
777 842 927 922 tempore
949 833 1037 900 hune
1059 844 1192 904 coetum
1213 838 1288 905 adi·

218 945 288 1010 isse
320 940 580 1025 contenanum),
609 959 709 1027 quum
739 936 924 1005 Antiochia
952 937 1126 1023 digressus
1158 939 1193 1005 in
1215 941 1288 1008 Ga-

218 1045 334 1111 latiam
357 1049 392 1108 et
413 1041 596 1127 Phrygiam
618 1059 696 1107 sese
719 1038 905 1126 conferret,
926 1037 1017 1107 Aeta
1033 1037 1095 1127 18,
1110 1037 1175 1107 23.
1219 1041 1288 1117 uui

218 1147 312 1234 prius
334 1151 502 1230 statuunt,
524 1143 751 1210 coniecturam
774 1163 870 1207 suam
891 1140 966 1208 loco
987 1140 1080 1208 Acte.
1097 1140 1208 1228 14,u;
1232 1167 1288 1211 sn·

217 1255 412 1337 perstruere
445 1251 539 1313 recte
572 1266 637 1310 non
665 1250 816 1331 possunt.
873 1240 1043 1310 Dicuntur
1078 1241 1124 1308 ibi
1156 1243 1289 1314 Paulae

219 1350 358 1436 eiusque
380 1345 520 1412 comites
537 1343 667 1431 Iconio,
689 1344 860 1430 Phrygiae
881 1343 1013 1432 oppido,
1033 1342 1153 1412 relicto
1174 1347 1210 1414 in
1233 1371 1290 1415 ur·

219 1451 279 1518 hes
300 1447 513 1534 Lycaoniae,
539 1446 699 1530 Lystram
721 1453 757 1512 et
778 1445 932 1537 Derhen,
959 1446 1199 1537 regionemque
1222 1451 1290 1516 eir·

219 1553 463 1620 eumiacentem
484 1549 567 1634 fuga
589 1568 627 1615 sc
648 1547 833 1637 recepisse.
875 1547 1002 1629 Lystra
1022 1569 1103 1615 vero
1122 1558 1158 1618 et
1170 1550 1291 1620 Derbe

219 1653 333 1722 leonio
356 1649 644 1740 proficiscentibus
665 1673 786 1720 versus
809 1650 979 1717 meridiem
996 1651 1084 1719 sitae
1105 1661 1194 1739 sunt,
1219 1655 1290 1721 Ga-

218 1755 303 1822 latia
322 1775 443 1822 versus
467 1751 746 1841 septentrionem,
767 1773 832 1820 nee
852 1750 954 1818 focile
976 1749 1054 1818 mihi
1077 1757 1290 1842 persuadere

220 1879 366 1946 possum,
383 1856 514 1923 Lucam
534 1855 707 1940 regionem
728 1855 822 1925 circa
842 1853 943 1922 urhes
961 1852 1037 1920 illas
1054 1855 1202 1942 positam
1219 1863 1291 1940 (sre-

218 1961 374 2050 ρίχωρον)
390 1959 440 2025 ita
450 1978 743 2042 commemorasse,
761 1966 799 2025 ut
815 1955 983 2024 Galatiam
996 1957 1180 2048 eogsundo
1200 1980 1293 2025 com·

218 2061 434 2149 plecteretur.
469 2058 611 2124 Erudite
634 2057 767 2146 quidem
788 2081 896 2146 nuper
912 2059 1024 2125 docuit
1046 2057 1290 2140 Mynsterus

218 2163 252 2228 in
268 2161 353 2227 libro
369 2181 473 2246 supra
488 2159 579 2226 laud.
601 2182 634 2247 p.
648 2157 711 2226 58.
727 2179 798 2250 sqq.
820 2181 957 2228 nomene
983 2159 1141 2247 odora,
1159 2185 1202 2229 ex
1224 2183 1291 2252 qno

219 2271 369 2350 tempore
400 2261 568 2329 Antonius
600 2259 776 2328 'l'rinmvir
806 2261 996 2348 Amyntae,
1029 2263 1104 2350 regi
1136 2263 1292 2334 Pisidiae

219 2363 414 2449 constituto,
436 2361 607 2429 Galatiam
629 2383 760 2450 quoque
782 2372 817 2432 et
838 2373 952 2451 partes
970 2366 1131 2454 quasdam
1151 2364 1291 2448 Lycao·

217 2465 296 2534 niae
317 2472 418 2554 atque
440 2462 660 2551 Pamphyliae
682 2468 859 2553 donasset,
886 2468 975 2535 haud
1003 2488 1081 2534 raro
1101 2464 1207 2534 latins
1229 2491 1291 2558 pa.

216 2566 341 2654 tuisse,
368 2574 406 2633 ut
430 2574 569 2653 praeter
595 2565 767 2634 Galatiam
788 2570 922 2656 proprie
952 2570 1002 2636 sic
1029 2569 1154 2636 dictam
1182 2571 1291 2640 etiam

216 2677 347 2735 tractus
369 2670 531 2758 quosdam
552 2665 710 2734 finitimos
734 2670 947 2756 (praesertim
963 2670 1176 2759 Lycaoniae,
1197 2671 1290 2741 Pisi·

216 2769 306 2856 diae,
327 2767 497 2852 Isauriae)
512 2769 874 2856 complecteretur(vd.
888 2771 1016 2840 Strabo
1029 2771 1052 2840 l.
1072 2770 1132 2838 12.
1148 2795 1181 2862 p.
1192 2771 1289 2842 392.

217 2874 270 2940 ed.
299 2870 446 2938 (lasauh.
474 2869 548 2937 Dio
575 2867 715 2938 cassu
745 2868 769 2936 l.
791 2868 856 2938 49.
893 2895 923 2940 c.
945 2871 1009 2940 32.
1038 2873 1182 2942 Places
1208 2875 1289 2944 dac.

215 2969 388 3042 erathii.
416 2993 446 3040 c.
465 2968 530 3038 27.
558 2991 588 3038 c.
610 2969 703 3054 32).
751 2972 871 3042 Eidem
899 2975 1088 3044 sententiae
1116 2975 1289 3045 caleulum

216 3075 347 3142 addidit
373 3072 415 3143 V.
437 3073 593 3140 Pnnlns
622 3073 655 3139 in
678 3084 855 3144 comment.
878 3078 1068 3166 nuperrime
1090 3079 1199 3146 editos
1228 3081 1290 3147 des

216 3175 360 3264 Aperte!
381 3175 519 3244 Paulus
549 3172 767 3263 Iactis-brisso
797 3201 846 3246 cru
877 3180 936 3246 dio
965 3178 1118 3248 &darer
1141 3217 1186 3232 -
1213 3185 1293 3248 arrd

215 3278 369 3344 lttmer-
382 3275 560 3363 ohram,
579 3289 790 3368 weregetrcu
809 3279 982 3346 iibcrsctzt
1007 3284 1071 3348 mit
1089 3283 1289 3350 erlriumrs·

216 3377 284 3443 den
310 3375 607 3444 machmam
631 3379 710 3443 arad
731 3379 1023 3474 Benurkoagea,
1052 3383 1287 3478 Hcsilelderg,

219 3475 335 3543 1831.
350 3473 387 3544 Θ.
401 3479 478 3544 mai.
500 3501 532 3566 p.
546 3475 610 3544 23.
625 3500 697 3566 sqq.
720 3481 775 3568 qni
798 3481 976 3568 epistolam
996 3494 1147 3552 nostram
1170 3508 1203 3552 a.
1219 3487 1287 3554 47.

215 3577 368 3648 coetibus
395 3577 597 3646 Christianis
623 3579 828 3667 Lycum
858 3597 892 3651 et
915 3590 1074 3679 regiona
1098 3591 1286 3656 arema-

213 3684 338 3768 each,
372 3703 458 3770 quae
490 3687 641 3766 tempore
674 3683 857 3770 apostolico
892 3689 936 3753 ad
969 3688 1149 3756 Galatam
1181 3713 1289 3759 senas

212 3785 379 3871 umplshri
396 3783 519 3850 dictam
540 3781 728 3850 referretur
750 3786 967 3868 (Christianis
986 3789 1288 3877 ‘Neaaataraay

213 3886 374 3972 scriptam
388 3883 569 3972 existimat,
591 3883 744 3975 ideoque,
766 3891 854 3976 quod
870 3890 1056 3976 Apostolus
1073 3891 1157 3964 Gal.
1169 3892 1210 3982 4,
1222 3895 1286 3962 13.

281 4059 311 4118 a)
334 4057 388 4110 vd.
413 4061 485 4124 flag
508 4057 627 4110 Etateit.
650 4060 684 4108 r'a
705 4059 758 4110 das
779 4059 815 4112 N.
841 4061 872 4113 Τ.
895 4063 954 4114 Vol.
972 4063 1014 4116 Π.
1037 4077 1067 4131 p.
1082 4063 1155 4118 319.
1177 4068 1224 4118 ed.
1241 4067 1286 4118 Il.

211 4141 387 4194 litetshoru
404 4143 601 4194 minicium
614 4140 641 4194 1.
661 4141 871 4212 Hcitste,p.8·5.
889 4149 1076 4202 Bertholdt
1092 4150 1286 4204 Binum&

212 4223 343 4292 pomo.
360 4239 402 4290 sq.
435 4229 467 4278 y,
485 4227 581 4278 Flatt
602 4227 795 4293 Vorlesunpeu
812 4230 886 4283 dier
902 4233 1062 4297 distitisse
1075 4233 1162 4286 Pauli
1179 4250 1220 4288 aa
1234 4239 1284 4288 die

213 4308 410 4361 voloterensi
426 4309 516 4380 Epi„
533 4311 666 4380 ternum.
684 4325 711 4365 u.
728 4313 852 4385 Kliny,
872 4317 957 4388 reth,
977 4316 1067 4373 1828.
1085 4320 1200 4387 pam.
1216 4332 1261 4388 sq.
