2736 4944
242 467 266 524 x
616 437 943 518 PRAEFATIO.

242 615 481 706 putaverimus,
500 632 610 704 neque
634 612 763 684 omnino
784 611 943 684 eiusmodi
970 612 1108 705 onpiom
1120 611 1316 702 usurpatori,

243 751 370 842 qualem
410 757 527 828 nunna
559 755 596 820 et
625 748 756 820 indoles
788 748 986 826 Lexieerum
1015 747 1065 816 N.
1093 748 1135 817 p,
1168 749 1317 838 postulet

242 885 361 982 [quom
393 886 489 958 nobis
515 885 802 976 persuasissimum
833 885 898 975 sit,
928 885 1104 966 thesnmos
1131 883 1319 973 locupletes

242 1021 519 1096 schleusneri
547 1021 707 1094 Wuhlii
732 1015 1087 1092 Bretsolineideri
1114 1020 1149 1090 in
1169 1023 1319 1092 manibus

242 1160 371 1230 versari
397 1154 642 1251 plurimonum];
668 1177 860 1249 quenquam,
885 1157 940 1226 nbi
965 1175 1070 1226 voees
1093 1162 1131 1226 et
1161 1157 1320 1228 formulae

174 1375 177 1381 ¹
241 1295 433 1387 obveniunt,
460 1294 503 1366 de
523 1314 656 1385 querum
682 1293 970 1383 significationibus
990 1300 1083 1366 reete
1111 1294 1321 1370 constituen-

242 1432 295 1500 dis
327 1451 368 1509 oe
401 1430 615 1520 disponendis
646 1431 744 1503 aliter
775 1428 970 1522 iudicamus,
1001 1450 1044 1500 eo
1070 1429 1170 1517 vulgo
1187 1431 1257 1506 uel
1284 1430 1322 1498 in

242 1568 481 1640 commentariis
507 1568 565 1639 vel
592 1568 627 1635 in
646 1567 783 1638 hexicis
803 1567 940 1660 iudioori
965 1537 1065 1656 solet,
1091 1585 1157 1634 non
1184 1563 1322 1636 dubito-

53 1731 60 1738 *
163 1699 196 1738 ·'
241 1725 314 1784 mus
349 1705 445 1795 peulo
471 1703 617 1794 ,emplius
650 1704 842 1792 exspatiari.
874 1701 974 1786 'Quo
1005 1701 1174 1790 dilgentie
1202 1699 1242 1772 S
1275 1703 1333 1772 V.-

241 1841 416 1932 Kuinoel
441 1839 651 1928 insigniorem
683 1840 919 1912 sententiarum
951 1837 994 1908 de
1020 1839 1104 1908 loeis
1135 1839 1323 1908 veritusne

242 1977 382 2066 nugulis
402 1981 494 2047 reete
518 1974 753 2062 intelligendis:
768 1971 995 2054 diversitatem
1020 1973 1213 2064 eanmund„
1229 1991 1325 2042 een-

242 2111 317 2184 dem
337 2111 371 2180 in
391 2107 555 2198 Epistolis
581 2109 774 2180 noemndis'
789 2110 998 2202 imitabimur,
1023 2111 1240 2200 interpretum
1260 2129 1326 2180 re-

242 2246 420 2316 centiorum
440 2245 565 2335 puriter
585 2253 684 2336 eoque
704 2265 830 2338 eorum,
855 2247 909 2338 qni
936 2267 958 2318 a
985 2246 1202 2336 primis-inde
1230 2254 1329 2318 tem-

242 2383 373 2470 poribus
402 2382 565 2451 ecelesiae
592 2380 800 2454 Christianae
834 2389 877 2451 et‘
895 2401 980 2454 aevo
1007 2381 1114 2455 medio
1149 2381 1331 2454 inclarue-

242 2526 332 2609 runt,
356 2519 518 2590 'rationem
537 2518 714 2610 hebentes,
741 2537 915 2608 eorumque
940 2517 1058 2589 induo
1086 2514 1332 2592 diversissima

243 2654 385 2722 examini
405 2653 554 2727 modesto
576 2654 797 2726 suliieientes.

327 2787 431 2874 Qum
452 2791 627 2860 lectoribus
650 2791 869 2890 commentarii
889 2791 994 2886 nostri
1017 2788 1333 2884 nommodissimnm

240 2925 310 2996 lore
337 2927 522 3018 videretur,
546 2933 583 2994 nt
611 2927 764 2998 hortante
790 2927 963 3005 Boethio
1000 2926 1158 2999 Amiciss.
1186 2931 1335 3000 textum

237 3081 401 3150 praecum
427 3061 638 3155 adderemus,
665 3063 854 3154 err-quidem
879 3063 1023 3156 rodone,
1050 3082 1116 3154 qno
1140 3083 1245 3152 nuper
1276 3067 1329 3133 ab

232 3195 280 3280 S·
302 3197 346 3267 V.
366 3197 608 3268 Fritnsehio
634 3197 889 3288 Evangeliorum
909 3199 1035 3272 editore
1055 3199 1176 3268 illustri
1197 3200 1337 3272 metum

241 3338 311 3425 est,
345 3335 574 3404 commentario
608 3333 844 3426 inserendum„
862 3355 968 3426 neque
995 3335 1124 3414 omnino
1148 3332 1339 3421 iuterpre-

240 3467 333 3538 tnndi
353 3469 517 3557 negotium
546 3472 724 3542 suecedere
750 3479 843 3541 reete
868 3477 985 3562 posset
1009 3473 1134 3560 absque
1162 3480 1343 3560 {securata³

240 3609 355 3674 textus
374 3607 487 3690 groeci
508 3607 777 3698 conformatione·²
803 3608 902 3678 etium
928 3607 1003 3676 huie
1031 3607 1158 3674 oriseos
1178 3609 1343 3696 provin-

242 3739 315 3810 oioe
336 3757 468 3828 operam
494 3748 640 3812 nostram
666 3743 866 3835 addiximus,
892 3761 982 3814 more
1009 3739 1178 3816 Koinoelii
1201 3759 1343 3830 quam..

240 3875 297 3946 vis
316 3875 491 3946 notabilem
519 3851 672 3952 leodonis
699 3881 895 3950 varietatem
921 3877 1017 3974 (eom
1042 3876 1205 3968 monime,
1235 3899 1343 3974 quae

241 4010 296 4079 vel
317 4010 362 4080 ad
383 4013 580 4088 sententiam
601 4015 756 4105 cuiusque
776 4015 841 4084 looi
860 4022 953 4086 recte
975 4012 1237 4084 constituendam
1268 4023 1343 4094 vel

216 4143 285 4215 ad
317 4111 468 4238 sormam,
497 4169 561 4239 qne
588 4149 728 4241 scriptor
759 4151 968 4256 sententium¹
989 4148 1228 4241 enuntiaverit,
1257 4153 1343 4232 sude
