2802 4956
469 419 783 511 Prolegomens.
1103 417 1155 490 8³

88 595 210 666 holdt
238 593 465 682 christologia
496 592 706 663 ludaeorum
736 591 823 662 Jesu
852 593 1155 682 Apostolorumqoe

91 709 213 786 aetate,
231 721 267 786 p.
282 693 353 763 69.
366 699 467 785 sqq.)·
509 695 661 782 Constat,
679 695 880 782 Apostolum
902 704 937 762 et
956 697 1155 784 placitorum

93 811 132 870 et
157 799 379 866 formularum
407 796 654 884 Christclogiae
682 797 850 864 Judaieae
878 819 975 864 usum
1003 797 1156 868 lubenter

88 901 226 987 adm,
260 921 352 967 suae
385 897 554 984 evangelii
582 898 825 988 praedicationi
858 903 1155 970 accommodatum.

86 1005 248 1072 Audimus
267 1001 418 1068 cundem
431 1000 588 1069 uniuerso
601 1007 755 1087 tempora
765 999 1046 1087 praesagientem,
1069 1025 1155 1091 quae

88 1105 221 1194 propius
240 1103 388 1180 instent,
410 1100 609 1168 calamitosa
629 1099 663 1169 Ι.
678 1100 778 1170 Corr.
792 1099 829 1187 7,
842 1099 906 1168 26.
933 1100 990 1170 II.
1009 1103 1155 1172 Tsinoth.

95 1205 133 1290 3,
148 1207 178 1271 t.
194 1203 539 1294 summulam
559 1211 881 1282 commemorantem,
900 1206 1062 1289 potestati
1082 1207 1157 1275 eius

91 1307 263 1396 Quando
292 1305 524 1373 subiiciendos
544 1306 578 1373 Ι.
596 1303 776 1389 comto,
791 1301 855 1370 25.
875 1326 947 1393 sqq.
996 1305 1155 1396 Proinde,

89 1431 286 1498 quanquam
301 1406 471 1475 eiusmodi
493 1406 675 1494 descriptio
696 1405 781 1472 certi
803 1405 975 1486 cuiusdam
997 1410 1158 1478 adversa-

89 1511 305 1595 riihlesdse,
328 1515 368 1577 et
388 1527 492 1578 verae
505 1505 690 1594 religionis,
712 1505 843 1596 qualem
864 1507 960 1576 locus
981 1511 1039 1576 11.
1049 1511 1156 1578 Thes·
1204 1571 1207 1579 .

90 1611 213 1698 sum,
225 1609 260 1678 8.
272 1631 348 1699 sqq·
369 1609 518 1695 exhibet,
539 1607 573 1674 in
595 1607 830 1676 ceterisPsuli
852 1609 1004 1696 epistolis
1025 1611 1157 1680 deside·

96 1721 210 1796 ratur,
231 1711 312 1776 nihil
333 1719 452 1777 tamen
472 1709 587 1778 inesse
608 1709 779 1795 videmus,
807 1712 894 1798 quod
915 1711 960 1776 ah
982 1719 1157 1798 exspecta·

104 1811 243 1878 tionibus
272 1811 476 1900 placitisque
509 1829 585 1878 sum
620 1817 810 1878 ceterorum
842 1809 930 1878 Jesu
957 1810 1157 1899 legatorum,

99 1921 163 1980 turn
183 1913 296 2000 Pauli,
316 1912 467 1980 alienam
485 1911 594 1988 ‚fnisse
615 1919 715 1980 reete
732 1911 876 1978 dicatur.
919 1910 985 1980 Vd.
1012 1911 1158 1980 Ueteri

91 2014 361 2108 Μάρις
381 2015 444 2080 des
455 2013 706 2096 Rosdsios'roheo
722 2009 986 2104 Lekrbegrr'ffs,
1007 2013 1158 2104 Zs's'n'eh,

91 2119 141 2186 ed
154 2117 199 2184 ll.
215 2107 388 2184 18178.
408 2137 442 2204 p.
459 2112 547 2182 197.
559 2137 630 2210 sqq.
672 2115 745 2182 Nec
765 2113 885 2180 mirum
907 2117 1014 2183 videri
1034 2123 1158 2207 potest,

93 2221 179 2309 qnod
199 2217 389 2307 Apostolus
408 2217 521 2282 ml
541 2216 574 2283 in
596 2217 661 2284 hac
688 2215 848 2304 epistola,
873 2216 1157 2287 Thessalonicen·

89 2321 175 2388 sim
197 2321 392 2408 opinionem
414 2319 457 2385 de
477 2317 588 2384 reditu
604 2318 732 2386 Christi
751 2317 902 2404 proxime
922 2320 990 2386 iam
1011 2320 1158 2390 instante

89 2424 345 2507 mutaturus,
362 2415 593 2510 Ἀντίχριστον
612 2419 704 2486 illam
726 2419 963 2510 delineaverit,
979 2441 1077 2508 quum
1099 2421 1159 2490 alii

90 2533 207 2592 coetu
239 2521 454 2598 Christiani,
492 2520 687 2610 quibuscum
721 2520 830 2588 Paulo
868 2521 1058 2590 litterarum
1094 2524 1159 2591 tuit

93 2625 348 2710 mucium,
374 2643 441 2690 non
467 2623 545 2690 huic
570 2622 779 2712 potissimum
801 2622 923 2701 errori,
952 2618 997 2713 ὡς
1020 2617 1073 2692 ὅτι
1094 2627 1159 2694 ἐνέ-

91 2749 208 2810 στηκεν
227 2723 244 2810 ἱ
270 2723 381 2814 ἡμέρα
400 2725 462 2792 τοῦ
482 2726 634 2816 Χριστοῦ
656 2724 729 2806 (ll.
747 2721 913 2793 Thessali.
929 2723 966 2813 2,
979 2724 1030 2816 2.)
1051 2729 1160 2797 indul·

91 2839 222 2916 guest.
267 2827 589 2896 Thessalorn'oemes
602 2843 684 2914 prae
702 2826 827 2894 ceteris
849 2829 1040 2896 edocendos
1060 2839 1157 2918 puta·

93 2931 167 3017 hat,
185 2951 254 2998 son
276 2929 418 3019 quosvis
438 2928 599 3016 vulgares
619 2926 687 2994 nei
707 2928 907 3016 virtutisque
928 2931 1057 3016 hostes,
1079 2951 1159 3020 qua·

95 3030 146 3098 les
163 3041 234 3100 turn
254 3029 421 3118 temporis
442 3031 509 3096 iam
531 3033 707 3114 adessent,
730 3032 791 3095 sed
812 3031 980 3096 eriernrodi
997 3032 1160 3097 adverso·

102 3137 194 3198 ris·
214 3133 361 3217 Chresti,
388 3133 498 3220 prate
516 3132 687 3218 hereum
706 3130 854 3196 madiam
869 3132 1070 3223 prositiisse,
1102 3134 1161 3199 do-

104 3243 256 3298 emenso
273 3235 440 3302 adrentus
462 3232 589 3300 Christi
617 3230 768 3320 proxime
800 3230 956 3298 instantis
983 3231 1159 3304 inservitu-

96 3357 170 3404 m
204 3355 288 3404 osse.
339 3336 375 3421 a)
399 3333 513 3400 Locus
547 3355 600 3420 ep.
633 3335 691 3402 II.
715 3331 883 3400 Thessala
913 3357 943 3399 c.
962 3331 998 3400 3.
1021 3353 1053 3404 ν.
1078 3337 1158 3406 17.ε

94 3441 330 3505 auarum
366 3457 432 3528 ego
460 3435 595 3503 Paulos
620 3455 697 3501 meo
723 3451 829 3500 mono
854 3433 1044 3524 aebms'bo,
1073 3441 1164 3527 ped

94 3545 232 3632 εἰμι
256 3551 313 3606 est
332 3541 375 3604 sir
398 3539 518 3626 puscet
543 3537 683 3628 spectata
709 3557 784 3602 meu
811 3536 890 3622 (non
918 3539 1160 3628 supposititia),

95 3647 143 3708 ὠ
164 3640 326 3710 msera
357 3641 463 3724 soleo,
490 3636 591 3704 aliam
623 3637 757 3724 peperit
783 3640 826 3705 de
853 3639 1027 3705 authentia
1059 3641 1160 3708 huius

97 3743 258 3832 epistolae
271 3740 447 3808 dubitandi
460 3738 635 3825 rationem,
657 3738 723 3804 hae
739 3758 834 3805 usam
853 3743 1159 3826 argumentationes

92 3843 185 3932 „alis
203 3841 311 3911 Pati
339 3839 484 3929 epistola
510 3838 602 3908 nulla
627 3839 809 3907 lectoribus
838 3842 1001 3909 eiusmodi
1028 3843 1161 3931 signum

91 3945 299 4034 „haiam
329 3944 426 4012 cuins
448 3964 511 4030 ope
533 3942 694 4030 originem
716 3941 789 4008 eius
812 3952 1056 4029 cognoscerent
1082 3967 1162 4034 apo·

92 4047 295 4134 „stolicam3
316 4048 377 4114 sed
399 4039 759 4111 illel'scudo-l'aulus
779 4039 1044 4111 hoc'artilieium
1065 4066 1161 4114 usur·

92 4152 232 4238 ,parim
262 4169 330 4238 quo
365 4144 500 4214 facilius
532 4141 716 4211 lectoribus
747 4147 986 4229 persuaderet,
1017 4147 1163 4232 priorem

94 4250 298 4340 „quotam
320 4249 366 4314 sd
387 4241 560 4314 Thessall.
589 4248 718 4329 datam,
745 4242 810 4311 hoc
836 4245 934 4329 signo
956 4247 1165 4338 destitutam,

96 4375 182 4440 ,non
211 4371 293 4422 esse
320 4347 535 4418 Paulinam.“
587 4345 809 4416 Concedimns
836 4345 978 4415 l'aulmn
1006 4349 1071 4418 hoc
1097 4371 1163 4418 uno
1258 4361 1267 4374 '

937 4431 962 4500 a
