2710 4954
415 463 731 556 Prolegomenn.
1026 465 1106 536 309

83 638 228 705 sinodum
247 637 380 708 conciso
404 636 498 705 illins
519 637 650 708 itineris
678 639 818 710 secundi
845 659 920 708 cum
947 637 1107 709 Bernaba

81 737 136 804 solo
154 739 227 808 facti
252 738 450 808 mentionem
477 740 594 810 iniecit
620 743 729 811 obiter
758 742 844 830 (sivo
870 762 937 810 non
964 739 1107 828 amplius

80 843 213 910 memorio
232 851 361 912 teneret
381 865 502 911 annum
531 844 661 912 itineris
689 845 846 931 secundi,
873 844 946 914 eive
967 863 1107 912 accura-

80 941 174 1010 liorem
197 945 351 1033 temporis
379 945 656 1032 significationem
689 947 723 1014 ir.
748 945 772 1014 l.
800 967 917 1034 parum
950 965 1108 1013 necessa·

78 1041 143 1110 riam
171 1046 329 1115 iudicaret
363 1056 586 1138 poneretque,
622 1049 796 1136 utriusque
825 1046 955 1114 itineris
989 1043 1108 1111 discri-

77 1167 134 1212 men
152 1145 277 1217 aliunde
298 1151 364 1216 iem
385 1149 570 1219 innotuisse
590 1149 773 1218 lectoribus
795 1150 891 1238 suis),
912 1152 1108 1236 properatu-

75 1267 133 1334 rns,
156 1257 191 1316 nt
215 1251 497 1340 supradiximus,
526 1254 570 1319 ad
599 1275 641 1319 oa
674 1275 762 1341 quae
789 1255 831 1320 de
858 1252 980 1319 itincre
1006 1246 1108 1316 tertio

75 1359 165 1417 essent
184 1354 334 1422 dicenda.
377 1353 507 1441 Restat,
528 1361 568 1422 ut
588 1356 707 1442 paucis
726 1356 989 1444 respondeamus
1007 1369 1108 1440 quee-

76 1449 154 1520 stioui
181 1456 284 1523 variis
318 1453 570 1522 difficultatibus
598 1456 778 1544 implicitae
813 1477 854 1522 ao
884 1451 1108 1526 diversimode

74 1551 235 1641 disputatae
256 1559 307 1625 de·
323 1556 389 1623 illis
408 1558 662 1646 mammaeam
682 1562 786 1624 acme
804 1555 940 1642 aaut,
957 1556 991 1624 1.
1013 1559 1109 1622 recle

73 1661 288 1744 computandis·
338 1659 517 1748 Utriusque
545 1660 632 1726 enim
661 1659 797 1745 generis
823 1660 1044 1746 interpretes,
1074 1661 1109 1721 et

72 1757 113 1842 qui
136 1765 335 1849 seeundum,
364 1768 397 1830 ot
430 1761 485 1850 qui
513 1761 649 1828 tertium
681 1761 748 1827 itor
779 1757 1004 1841 Hierosolym.
1030 1757 1109 1826 loeo

70 1853 142 1927 land.
160 1862 302 1949 intelligi
329 1859 457 1950 vduut,
487 1863 615 1932 initium
643 1863 760 1930 horum
785 1860 837 1928 14
862 1883 1024 1930 annornm
1051 1859 1108 1930 vel

70 1958 102 2022 ab
118 1959 185 2050 ipse
205 1967 424 2034 conversione
438 1965 536 2033 Pauli
557 1967 602 2031 ad
625 1985 724 2032 secra
736 1963 929 2032 Christiana
950 1962 1028 2031 duci
1048 1967 1108 2030 vo·
1234 2030 1236 2044 ,

68 2055 132 2149 lunt,
153 2065 268 2135 veleb
291 2068 409 2136 itinere
426 2061 580 2156 Apostoll
602 2065 909 2149 Hierosolymitano
930 2073 1106 2153 postcom

69 2165 227 2236 versionem
262 2170 368 2258 primo
404 2172 518 2253 [Acte.
540 2167 577 2258 9,
598 2167 661 2240 26.
699 2169 782 2237 Gal.
800 2168 834 2254 1,
852 2165 938 2257 18.).
985 2167 1106 2235 Utrum

66 2267 203 2348 praeferri
230 2274 355 2340 debeat
381 2270 430 2338 ita
456 2274 647 2362 vincamus,
675 2281 734 2362 ut,
760 2291 847 2362 quae
867 2290 952 2359 prae
981 2269 1106 2338 ceteris

67 2365 117 2432 sint
145 2376 343 2464 perspicua,
376 2375 632 2462 computationis
665 2381 783 2442 rectae
815 2395 976 2443 annornm
1007 2371 1107 2442 Pauli

64 2471 182 2560 uestigia
216 2497 410 2566 sequamur.
457 2478 655 2566 Quanquam
685 2477 853 2568 narratio,
888 2499 988 2567 quem
1015 2475 1106 2543 Aeta

65 2569 131 2660 App.
151 2579 323 2665 exhibent,
346 2580 571 2646 conversionis
589 2579 688 2644 Pauli
703 2580 830 2647 nullum
849 2579 979 2669 profert
999 2575 1105 2668 ipsius

63 2677 208 2767 annique
237 2681 369 2748 eccidit
399 2675 579 2768 indicium,
608 2681 784 2748 verissime
810 2691 924 2751 tamen
950 2680 1105 2749 adfirme-

63 2793 134 2856 mus,
153 2781 355 2871 Apostolum
378 2803 439 2852 nee
461 2786 578 2850 eodem
601 2803 707 2871 anno,
736 2807 801 2874 quo
822 2783 927 2854 lesus
950 2783 1105 2852 Christus

60 2882 139 2946 terra
153 2885 372 2953 discessisset
391 2885 425 2972 (i.
447 2909 478 2953 e.
500 2905 603 2953 neree
622 2888 772 2972 vulgaris
794 2909 827 2954 a.
843 2885 933 2973 aa),
953 2907 1024 2966 uem¹
1036 2885 1105 2971 pria

61 2977 109 3044 uis
125 2987 237 3057 stetin
260 2988 362 3054 annis
379 2996 456 3076 post
477 2989 602 3054 abitum
617 2988 809 3056 Servatoris
832 2990 875 3054 ed
896 2985 1106 3053 sacrnGhri·

59 3081 149 3151 aliana
169 3091 362 3158 transiisse.
406 3091 669 3158 Adscensionem
692 3091 813 3178 quippe
835 3085 1028 3157 servatori·
1055 3086 1106 3153 in·

60 3185 99 3246 ter
116 3195 149 3254 et
163 3189 266 3259 l'anli
292 3192 540 3260 conversionem
563 3191 730 3278 permulta
752 3191 820 3258 alia
842 3190 1049 3275 aeciderunt,
1070 3185 1106 3254 in

58 3283 136 3352 nec
155 3313 185 3358 e.
204 3293 240 3359 1.
262 3314 297 3360 v.
319 3291 368 3360 12
381 3331 422 3344 --
438 3291 468 3361 ei
482 3289 519 3360 9.
542 3300 710 3364 enarrata.
754 3292 903 3370 Quorum
925 3298 1106 3358 eventuum

56 3387 156 3458 scriem
184 3393 324 3481 longam
348 3397 520 3483 quominus
542 3397 640 3462 unius
662 3393 740 3460 enni
767 3393 877 3480 spatio
904 3391 1105 3480 complecta·

56 3503 113 3552 mur
149 3506 293 3581 praeter
324 3495 468 3562 indolem
502 3516 614 3563 rerum
645 3497 872 3584 expositarum
907 3497 1009 3562 etiarn
1041 3496 1106 3563 hoo

55 3581 185 3684 inpetis,
208 3599 302 3686 quod
319 3597 483 3667 eiusmodi
495 3598 748 3666 observationes
761 3598 935 3686 scriptoris
948 3598 1107 3668 universe

55 3698 252 3787 enuntiatae,
288 3697 405 3789 quales
431 3723 462 3767 c.
483 3698 519 3768 2.
548 3723 581 3768 v.
600 3698 666 3768 411.
686 3723 759 3792 sqq.
789 3723 819 3768 o.
833 3698 871 3766 4.
899 3719 932 3768 v.
949 3695 1012 3766 32.
1033 3719 1105 3788 sqq.

53 3811 76 3855 ⁰*
91 3793 125 3882 ll,
144 3823 178 3870 v.
196 3799 270 3870 45.
299 3799 381 3890 c06·
402 3825 434 3869 v.
451 3801 488 3868 7.
517 3799 715 3888 obveniunt,
748 3801 838 3869 haud
865 3799 1008 3869 obscure
1033 3799 1105 3865 lon·

53 3889 163 3972 piorem
195 3902 342 3968 manunt
375 3909 561 3990 temporum
591 3905 779 3970 decursum.
832 3903 905 3970 Nec
932 3898 1105 3988 probabile

53 3991 200 4090 dixerim,
231 4003 397 4091 Paulum,
425 4005 563 4072 selrolee
592 4003 791 4072 Gemalielis
817 4001 995 4072 Pharisaei
1022 4000 1105 4069 Hie-

51 4099 270 4182 rosolpmitani
297 4105 457 4172 traditum
485 4105 599 4190 (Acer.
619 4105 684 4194 22,
704 4103 771 4192 3.),
802 4103 998 4174 &comam
1023 4115 1105 4172 wm-

49 4205 131 4278 l’ffl'v
156 4209 271 4295 epatre
300 4217 427 4276 tantam
461 4207 684 4298 acquisivisse
716 4205 909 4294 theologiae
936 4205 1105 4274 Judeieee

54 4303 277 4396 cognitionem,
297 4320 455 4400 quantem
477 4309 511 4376 in
533 4309 598 4377 hoc
618 4309 726 4380 fuisse
747 4309 910 4400 Apostolo
932 4327 1105 4378 sermones
