2736 4944
230 499 294 551 ππ
602 473 934 546 weserinio.

233 646 295 723 cu
321 649 427 720 efficio
455 645 614 718 eetisicri
643 649 870 720 exndnonm
900 645 1172 736 interpretatione
1198 645 1311 716 dieto-

233 787 328 875 rtcu‚
349 777 392 854 es
411 782 558 876 quidem,
585 801 682 874 quern
701 785 752 854 sie
781 783 893 854 dicere
912 784 1015 854 liceat
1040 799 1145 850 rem
1165 783 1311 870 mrpttr-

196 987 205 1014 ,
233 925 330 1012 eino,
350 921 374 993 i.
396 939 427 992 e.
449 920 595 992 omnibns
614 921 657 990 iis
678 921 776 990 rebus
796 921 831 990 in
850 917 1079 1008 iuetopositis
1098 925 1191 988 recte
1210 939 1313 987 usur-

233 1055 370 1149 pondis,
389 1073 475 1146 pune
493 1055 630 1126 vuteont
649 1053 693 1125 od
714 1055 858 1143 orgium
883 1061 919 1124 et
938 1071 1041 1124 senso
1061 1055 1233 1144 scriptoris
1253 1065 1315 1126 ent

233 1192 375 1267 crateris
394 1191 489 1262 omni'
500 1211 547 1262 eu
567 1197 663 1283 purte
683 1189 799 1263 sedulo
815 1189 1059 1278 mvesdgmos
1101 1190 1177 1260 Hoc
1188 1211 1316 1280 genere

156 1421 162 1433 ζ
234 1327 564 1420 compreiiendnntnr:
602 1321 649 1425 i]
673 1329 799 1418 ingenii
826 1329 987 1418 oninique
1013 1327 1143 1396 indoles
1170 1332 1207 1396 et
1238 1327 1315 1395 cul-

234 1473 325 1556 turo,
344 1466 540 1557 praesertim
560 1471 632 1535 tute
651 1465 695 1536 de
714 1467 822 1534 rebus·
832 1465 953 1536 ethicis
975 1471 1075 1554 etque
1102 1463 1223 1536 divinis
1251 1483 1317 1533 co-

233 1601 360 1690 gttmdt
386 1607 422 1673 et
449 1600 612 1673 sentiendi
638 1603 723 1672 ratio
756 1601 966 1692 scriptorum,
991 1577 1136 1690 quorm'
1149 1599 1318 1689 epistolas

233 1739 427 1812 illustreturi
447 1759 574 1830 surmus,
594 1759 776 1830 sacrorum,
803 1737 932 1828 qnnlem
955 1739 1031 1826 ipso
1052 1737 1162 1804 ecrdm
1189 1737 1318 1826 placite

236 1881 272 1946 et
293 1879 393 1946 effeto
413 1875 608 1948 coniunctim
629 1879 782 1963 spectate
805 1874 963 1942 universe
983 1871 1161 1962 depingunt
1187 1868 1316 1964 (uece-

236 2011 390 2081 dentibns
409 2011 454 2078 iis
473 2029 559 2103 qnee
579 2011 674 2081 nobis
694 2009 829 2099 insuper
850 2008 893 2079 de
914 2007 968 2078 his
981 2004 1194 2096 scriptoribus
1214 2007 1317 2076 inno-

236 2142 409 2240 tuernntJ3
428 2145 686 2237 quondoquidem
707 2145 992 2236 persuasissimum
1012 2143 1187 2234 hebemus,
1208 2145 1320 2212 nemi-

236 2301 312 2354 nem
332 2303 434 2373 posse
461 2283 650 2373 explicandi
675 2283 807 2372 negotio
834 2288 928 2353 recte
956 2281 1104 2373 defungi
1130 2282 1212 2374 nisi,
1239 2281 1321 2356 dum

237 2419 487 2513 interpretetur,
506 2427 577 2490 tuto
599 2423 704 2492 animo
725 2425 761 2488 et
781 2425 916 2510 pectore
934 2419 1009 2508 ipse
1034 2418 1141 2487 veluti
1167 2421 1321 2491 nensis-

237 2554 282 2624 rit
301 2556 337 2625 in
364 2555 467 2628 vitum
488 2558 648 2630 internam
674 2555 845 2648 scriptoris
873 2552 1077 2650 explicandi3
1108 2549 1160 2648 8]
1181 2564 1322 2649 eventa,

237 2691 397 2785 institute,
417 2713 536 2784 mores,
557 2693 729 2782 opiniones
749 2699 783 2762 et
802 2691 921 2762 iudicis
940 2691 1029 2760 iilius
1040 2692 1173 2784 nemis,
1193 2698 1323 2788 terres,

237 2827 398 2921 metionis,
419 2829 464 2900 ed
485 2848 581 2920 quem
602 2831 781 2921 scriptores
802 2811 988 2919 explicandi
1013 2843 1186 2913 eorrnnque
1206 2827 1321 2898 lecto-

238 2981 297 3034 res
323 2965 417 3055 primi
438 2967 615 3060 pertinent,
636 2973 797 3056 quotenus
816 2966 900 3034 heco
921 2963 1026 3032 omnin
1045 2963 1113 3030 vim
1134 2977 1228 3030 snum
1249 2983 1320 3033 ex-

239 3108 411 3172 seruerunt
438 3121 510 3172 cum
536 3101 581 3174 ud
613 3104 721 3194 ipsam
748 3103 860 3174 horum
891 3101 1085 3190 scriptorum
1109 3095 1252 3168 indolem
1281 3109 1321 3169 et

240 3233 398 3304 cnltmom
418 3237 605 3324 religiosam
626 3249 726 3331 utque
745 3237 901 3310 moruicm
928 3235 996 3328 (sit
1022 3211 1122 3326 venio
1147 3235 1261 3301 verbis
1283 3237 1325 3306 in

240 3369 404 3442 brevitate
424 3371 625 3469 sennenisi)
652 3373 843 3448 moderante
868 3367 997 3458 quidem
1017 3365 1144 3454 Spiritu
1164 3365 1326 3441 Numinis

241 3503 366 3578 lunensi
394 3509 653 3584 conformandum
678 3517 715 3582 et
734 3503 982 3601 perficiendum,
1008 3511 1075 3574 turn
1101 3501 1243 3572 menime
1273 3509 1324 3576 ud

240 3640 455 3715 definiendum
487 3647 630 3740 modurn,
658 3667 721 3739 qno
755 3665 858 3716 sense
884 3663 946 3714 sun
972 3643 1007 3710 et
1035 3639 1178 3727 cogitate
1206 3655 1326 3716 corum

241 3777 284 3849 iis
305 3779 500 3872 lectoribus,
520 3803 653 3872 quornm
674 3783 848 3854 desideriis
867 3781 1026 3871 prosint
1044 3776 1235 3844 inservituri
1256 3795 1325 3848 es·-

242 3919 330 4006 ῠθυῒ,
351 3935 502 3990 sermone
523 3921 758 4017 explicuerint3
780 3917 829 4016 3)
843 3937 927 4011 quoe
946 3918 982 3987 in
1002 3911 1203 3984 sectionibus
1224 3931 1326 3985 com.

242 4049 425 4126 mutusve
445 4055 583 4143 singuiis
603 4058 777 4150 interpreti
796 4057 840 4130 sd
861 4055 1039 4128 cretionem
1059 4057 1095 4122 et
1115 4047 1329 4122 anteceden-

243 4187 311 4258 ten
332 4191 368 4260 et
388 4195 579 4283 sequentem
600 4193 740 4270 mum
760 4198 862 4293 prote
889 4191 1071 4267 attendenti
1097 4206 1171 4259 nec
1188 4184 1330 4274 opinio-
