2802 4956
248 415 302 488 ³4
619 410 933 500 Prolegomena.

251 588 328 660 loco
362 582 599 656 salutationem
632 603 698 652 roo
731 605 831 651 manu
865 583 1026 672 scriptam
1061 582 1209 674 (reliqna
1243 592 1325 652 tota

254 690 397 780 epistola
416 711 478 778 per
500 685 663 770 scribam,
693 687 746 752 eni
769 685 897 754 Paulus
919 707 1012 754 more
1039 707 1102 753 sno
1123 687 1229 756 verbe
1250 689 1325 754 sin-

253 791 336 882 gula
353 793 537 874 dictasset,
563 791 718 873 exarata)
743 788 868 856 diserte
893 795 1053 876 tanquam
1080 788 1324 856 documentum
1385 779 1386 790 ’

254 894 420 984 epistolae
440 891 485 960 ab
506 890 578 977 ipso
599 910 681 957 rere
701 888 877 974 profectae
891 887 1076 955 lectoribus
1088 891 1323 977 proposuisse.

251 998 413 1065 Attamen
441 991 530 1072 baud
558 989 702 1058 obscure
728 990 830 1087 etiam
852 989 999 1060 lectores
1020 989 1184 1078 epistolae
1204 992 1239 1059 I.
1257 991 1324 1060 Oo-

251 1096 380 1168 retathla
402 1091 464 1180 16,
477 1092 541 1160 21.
564 1099 599 1159 et
620 1114 672 1179 ep.
695 1090 1060 1178 adcum.4,18.ao
1084 1095 1225 1159 eandem
1245 1115 1323 1160 rom

251 1201 305 1266 bis
326 1197 460 1286 paucies
488 1188 508 1261 ὁ
534 1187 711 1280 ἀσπασμὸς
739 1193 781 1289 τῇ
806 1195 867 1288 ἐμῇ
891 1199 976 1284 χειρὶ
1003 1193 1140 1263 Παύλου
1169 1202 1323 1264 attentos
1386 1213 1387 1218 ¹

252 1299 410 1368 reddidit.
453 1296 528 1373 Quo
549 1302 710 1384 tempore·
726 1301 846 1387 prema
866 1300 940 1363 m’ce
968 1297 1012 1363 ad
1033 1294 1324 1364 Thessalonicen·

253 1423 311 1471 ses
331 1400 465 1468 litterae
487 1398 596 1485 dedit,
618 1401 763 1466 nondum
785 1395 951 1483 babebat,
974 1399 1067 1486 quod
1089 1399 1132 1464 de
1154 1397 1324 1465 eiusmodi

253 1503 350 1592 signo
379 1501 563 1588 cogitaret,
590 1523 690 1589 quum
719 1501 863 1568 nondum
892 1498 1064 1566 evenisset
1091 1500 1191 1588 (qnod
1218 1500 1324 1586 paulo
1387 1502 1388 1594 l

251 1613 330 1696 post
357 1601 543 1693 accidisse,
569 1623 612 1669 ex
638 1603 696 1670 II.
714 1601 881 1669 Tamatl.
899 1597 937 1685 2,
955 1596 991 1665 2.
1020 1598 1326 1689 intelligimus),¹¹)
1387 1605 1388 1624 ¹

251 1715 291 1777 nt
312 1702 469 1794 epistola,
490 1724 578 1793 quae
599 1724 720 1772 nomen
733 1700 832 1770 Pauli
852 1701 994 1788 mentita
1013 1701 1146 1778 fnisset,
1167 1703 1201 1769 in
1219 1713 1323 1772 coetu

252 1807 446 1878 Christiano
469 1803 754 1874 circumferretur.
802 1804 876 1872 Nec
896 1802 1023 1890 ‚probat
1043 1801 1140 1870 locos
1161 1804 1324 1874 laudatus

254 1908 309 1997 (3,
327 1909 406 1996 17.)
433 1905 632 1994 Apostolum
660 1903 766 1972 veluti
791 1903 938 1970 officinm
965 1903 1030 1969 sibi
1057 1903 1257 1994 iniunxisse,
1285 1909 1321 1974 in

251 2019 424 2101 posterum
442 2011 551 2074 mea
569 2007 740 2098 pmcne,
762 2004 835 2072 sive
846 2004 1224 2096 Thessalonicensibus,
1246 2009 1323 2078 sive
1388 2039 1389 2064 ι

252 2113 330 2180 aliis
351 2109 521 2194 coetibus,
549 2106 734 2193 singulisne
762 2105 950 2173 bominibus
978 2107 1201 2196 scriberetur,
1231 2109 1323 2178 eins·

251 2214 342 2284 modi
364 2210 559 2278 formulam:
582 2203 602 2276 ὁ
622 2204 798 2294 ἀσπασμὸς
819 2210 861 2302 τῇ
881 2210 942 2300 ἐμῇ
962 2214 1048 2301 χειρὶ
1069 2207 1213 2280 Παύλου
1234 2212 1321 2278 adii-

252 2315 373 2385 ciendi.
415 2313 491 2379 Non
513 2309 596 2378 dicit
614 2309 638 2376 l.
658 2309 682 2376 l.
703 2332 765 2398 pro
787 2309 931 2398 epistole
953 2311 1016 2399 ipsi
1043 2315 1219 2401 supposita
1240 2336 1320 2382 esse

251 2416 459 2500 habendam,
481 2433 698 2502 quaecunque
720 2413 785 2480 boc
807 2413 905 2500 signo
927 2414 1091 2502 caruerit,
1115 2418 1195 2502 red,
1217 2436 1316 2483 usum
1389 2485 1390 2498 ἶ

250 2517 350 2586 buius
372 2515 476 2603 signi,
503 2513 634 2603 quoties
655 2523 858 2602 usurpetur,
881 2515 1077 2584 authentice
1099 2516 1218 2604 scripti
1238 2537 1319 2584 coa-
1389 2499 1390 2510 ¹

250 2620 434 2688 lirmandae
462 2616 700 2686 inserviturum
730 2635 817 2684 esse.
866 2617 1075 2707 Saepiusque
1109 2619 1252 2706 accidit,
1278 2629 1319 2686 ut

251 2721 413 2791 eiusmodi
433 2719 548 2787 verbis
569 2717 787 2789 subiiciendis
808 2718 942 2784 omnino
964 2741 1028 2785 ncn
1050 2739 1136 2806 opus
1158 2741 1236 2788 esse
1256 2741 1319 2806 pu·

251 2831 352 2892 taret.
394 2819 530 2890 Etenim
558 2821 610 2906 (ot
637 2827 827 2906 taceamus,
856 2819 1034 2909 aliquoties
1065 2819 1242 2907 epistolam
1269 2833 1319 2890 to-

250 2939 321 2994 tom
341 2924 383 2991 ab
405 2922 479 3010 ipso
502 2921 610 2987 Paulo
632 2928 805 2988 exaratam
828 2941 918 3008 esse,
940 2923 984 2989 ad
1010 2920 1159 2990 (dolatus
1178 2920 1217 3008 6,
1236 2923 1317 3006 11.)

250 3025 402 3116 plerique
425 3023 625 3108 scriptorum
647 3020 863 3090 l'anlinornur
885 3023 1033 3100 lectores
1052 3011 1103 3092 'cx
1130 3025 1204 3112 ipso
1233 3025 1319 3091 seri-

204 3188 208 3207 ,
249 3129 350 3198 bandi
372 3127 581 3215 docendique
602 3145 745 3208 genere,
767 3124 975 3216 singulisque
1004 3127 1114 3194 effatis
1143 3132 1318 3194 auctorem

250 3249 439 3316 agnoscere
465 3235 631 3316 poterant.
674 3227 890 3313 Accedebat,
919 3231 1007 3318 qnod
1036 3225 1230 3301 testimonia
1257 3249 1316 3294 eo·

249 3353 336 3417 rum,
358 3329 414 3418 qui
436 3328 523 3394 hanc
545 3328 680 3395 illamve
703 3329 880 3414 epistolam
904 3330 1016 3420 coetui
1035 3329 1238 3408 Christiano,
1259 3331 1317 3398 cui

251 3432 420 3502 destinata
440 3429 568 3516 luerat,
589 3427 804 3514 adferebant,
834 3429 924 3496 band
945 3452 1026 3497 raro
1049 3430 1244 3500 sufficerent
1271 3435 1317 3500 ad

251 3535 416 3620 originem
436 3531 510 3598 eins
533 3529 752 3620 apostolicam
781 3539 875 3598 certo
905 3532 1155 3601 declarandam.
1202 3531 1318 3601 Nolim

250 3637 393 3725 deniqne
420 3655 464 3701 ex
491 3653 550 3719 eo,
579 3633 666 3721 quod
685 3633 851 3717 feranda
879 3633 954 3704 ille:
984 3635 1220 3704 salutationem
1248 3657 1316 3720 ego

249 3737 375 3806 Paulus
403 3755 481 3802 mea
501 3757 601 3802 manu
630 3733 833 3820 subscripsi,
859 3745 996 3821 praeter
1019 3737 1115 3824 epist
1136 3735 1182 3802 ll.
1202 3733 1316 3804 Thes-

249 3840 326 3908 sall.
347 3837 576 3906 tantummodo
597 3836 632 3904 in
653 3836 681 3903 l.
695 3836 868 3904 Corintbb·
890 3845 926 3905 et
946 3860 999 3926 ep.
1022 3839 1067 3906 ad
1079 3837 1210 3906 Golas.
1232 3839 1317 3904 data

314 4013 361 4074 11)
378 4011 437 4063 Nisi
456 4011 603 4080 malueris,
625 4023 696 4075 quae
717 4011 758 4062 Π.
774 4009 866 4062 Thess.
884 4013 919 4078 2,
937 4009 967 4062 2.
984 4007 1019 4078 8,
1039 4007 1087 4060 17.
1109 4010 1253 4076 leguntur,
1278 4022 1315 4061 ec

248 4095 368 4164 reterre,
386 4097 458 4161 quod
473 4097 622 4160 Apostolos
639 4097 794 4164 metuerit,
813 4096 887 4160 tore,
904 4101 936 4145 ιιι
953 4095 1087 4146 eiusmodi
1102 4097 1217 4147 fraudes
1234 4107 1315 4147 eorn-

246 4183 436 4245 mitterentur,
459 4183 512 4233 etsi
534 4182 688 4248 bucusque,
709 4181 766 4232 tale
789 4181 851 4244 qnid
868 4181 972 4230 tactum
989 4193 1066 4246 esse,
1088 4179 1210 4232 nondum
1233 4191 1314 4230 com-

245 4266 372 4330 perisset.
406 4265 466 4316 cfr.
489 4267 619 4318 notate
640 4267 798 4317 sumendae
814 4265 977 4328 posterioris
999 4263 1034 4316 ed
1053 4261 1150 4318 Thm-
1174 4265 1314 4330 epistolae

246 4347 397 4416 vindicus,
414 4348 576 4418 Gctssagse,
593 4349 671 4402 1829.
687 4350 716 4402 4.
730 4353 785 4416 pe
801 4361 859 4416 sqq.
