2772 4962
195 469 273 542 164
319 398 425 560 llpist.
447 467 474 537 Ι.
498 466 543 536 ad
565 463 739 536 'lhessall
767 465 806 534 O.
829 463 871 534 V.
901 433 943 533 V.
961 458 1131 532 lii—22.

192 649 221 706 b.
244 649 262 705 t.
283 644 355 704 nihil
375 651 453 706 certe
472 645 605 720 impedit,
632 658 688 718 quo
708 641 802 702 minus
823 635 1000 722 προφητεία
1027 638 1192 714 deponere
1210 635 1264 695 iu-

190 754 384 820 terpretemur.
432 733 637 806 admonendos
667 743 784 819 putabat
817 744 876 816 Ap.
905 740 1194 814 ltressalonicenses,
1225 755 1266 796 ue

192 851 307 909 omnino
337 849 394 910 hoc
423 849 528 908 donum
560 847 677 920 eiusque
707 861 791 905 usum
824 847 1045 903 contemnerent.
1094 844 1139 902 De
1172 841 1265 900 verbo

193 949 208 1014 ί
214 946 232 1030 ξ
238 951 427 1014 audentia
455 950 529 1028 (hae
549 949 641 1008 torma
662 949 784 1007 Graecis
803 945 1008 1020 antiquioribus
1028 959 1084 1004 non
1105 945 1263 1022 usurpato)

191 1056 320 1128 proprie:
341 1052 423 1112 nihili
442 1053 556 1128 tacere,
577 1055 633 1110 cir.
653 1053 769 1110 Rotam.
785 1051 841 1125 14,
855 1051 886 1106 3.
902 1049 954 1106 10.
975 1049 1003 1108 Ι.
1019 1049 1104 1108 Uarr.
1120 1046 1150 1120 1,
1162 1046 1216 1105 28.
1230 1047 1264 1120 6,

192 1159 228 1214 4.
249 1159 289 1215 ot.
312 1148 356 1230 et,
369 1170 442 1230 quae
462 1154 606 1212 Lobeek
627 1154 740 1212 observ.
760 1153 800 1210 ad
820 1147 985 1229 Phrynicho·
1005 1148 1120 1222 calopus
1138 1164 1170 1222 p,
1185 1146 1264 1210 182.

190 1255 272 1318 lilius
292 1273 362 1314 nero
386 1260 543 1314 contemtus
564 1271 653 1313 eausa
673 1253 780 1335 duplex
802 1268 867 1310 esse
887 1253 978 1324 potuit
1005 1247 1073 1326 (vd.
1099 1248 1198 1324 Elati
1224 1249 1267 1306 ad

191 1359 219 1418 h.
240 1357 297 1436 1.),
316 1357 379 1434 vel,
407 1357 483 1432 quod
504 1357 559 1414 alia
580 1347 710 1430 Spiritus
725 1354 815 1412 divini
833 1351 1041 1434 χαρίσματα,
1069 1366 1142 1426 quae
1162 1349 1265 1410 homi-

191 1477 244 1520 nes
264 1460 359 1536 magis
378 1459 409 1518 in
429 1457 644 1517 admirationem
665 1457 853 1544 coniicerent,
880 1469 909 1511 v.
931 1468 949 1510 c
985 1455 1088 1511 donum
1115 1453 1193 1508 facta
1212 1451 1267 1509 in·
1380 1465 1381 1518 q

192 1561 287 1640 signia
312 1557 415 1620 edendi
442 1577 467 1617 e.
498 1553 660 1637 γλώσσαις
688 1558 822 1634 loquendi
849 1556 1039 1630 praeferenda
1065 1551 1267 1614 existimabant

193 1665 243 1741 (ut
268 1663 341 1722 luter
369 1659 531 1720 corinthios
556 1658 679 1737 accidit,
702 1661 731 1720 Ι.
746 1661 831 1720 Corr-
862 1675 886 1716 ο.
908 1655 1004 1734 14],
1039 1656 1103 1732 vel,
1131 1655 1207 1730 quod
1235 1655 1268 1714 iu

193 1771 278 1825 coetu
298 1763 430 1822 'l'hessali
449 1777 507 1821 non
528 1763 689 1838 detinerent,
709 1761 768 1837 qui,
788 1758 852 1818 sive
873 1759 928 1830 ipsi
948 1757 1115 1832 phantasiae
1135 1757 1267 1832 tigmen-

191 1868 230 1927 tis
255 1865 391 1943 decepti,
417 1863 482 1923 sive
507 1863 580 1922 ahos
605 1863 771 1937 decepturi,
796 1875 947 1936 perperam
973 1874 1040 1918 sese
1068 1863 1204 1936 gererent
1232 1853 1268 1920 ἓν
1380 1860 1381 1876 ’

194 1961 355 2048 πνεύματι
377 1957 461 2046 ἁγίῳ
481 1964 616 2023 docentes
637 1967 666 2022 et
685 1963 893 2041 vaticinantes,
913 1961 1049 2036 ideoque,
1071 1975 1155 2035 quum
1177 1973 1267 2017 erro·
1380 1949 1381 1954 ’

192 2086 256 2130 rnm
277 2069 352 2127 varii
378 2065 496 2144 generis
516 2064 706 2140 vitiorumque
727 2069 860 2122 auctores
881 2066 910 2120 et
930 2063 1075 2128 adiutores
1102 2061 1271 2136 existerent,
1380 2067 1381 2093 ί

192 2173 278 2228 totam
308 2161 507 2250 προφητείαν
535 2166 602 2224 aliis
628 2167 781 2226 redderent
806 2169 984 2242 suspectam,
1009 2166 1057 2224 Π.
1075 2165 1174 2224 utres.
1188 2167 1221 2240 2,
1234 2167 1268 2223 2.
1380 2155 1381 2176 ¹

195 2268 459 2348 ι..1ο.4,1.εηη.
500 2267 648 2326 Posterius
668 2267 791 2326 maxime
812 2268 998 2340 spectandum
1017 2265 1177 2338 putaverim
1192 2279 1269 2338 pro-

194 2376 257 2446 pter
277 2385 306 2426 v.
319 2369 370 2426 al.
400 2369 439 2426 11
444 2363 546 2428 σίντα
569 2362 607 2428 δὲ
628 2375 682 2427 etc.
723 2365 806 2438 Quod
826 2370 857 2426 in
876 2371 956 2425 textu
976 2367 1056 2444 vulg.
1070 2370 1135 2440 post
1155 2360 1268 2427 πάντα

196 2471 375 2532 desideratur
396 2465 443 2543 δὲ,
466 2485 503 2529 ex
524 2471 598 2529 codd
627 2471 756 2544 pluribus
781 2470 952 2548 (inquibus
978 2469 1105 2528 nonnulli
1124 2471 1190 2526 sunt
1214 2467 1269 2526 in-
1380 2523 1381 2539 ,

193 2779 380 2852 receperunt,
406 2775 493 2834 nexui
526 2775 631 2849 quippe
660 2792 690 2832 v.
711 2775 761 2832 20.
784 2774 833 2844 21.
866 2790 985 2846 prorsus
1011 2772 1268 2831 accommodatum.

194 2877 348 2937 Excidisso
380 2877 460 2933 textu
484 2874 598 2935 videtur
626 2890 705 2935 mero
731 2875 834 2934 calami
860 2890 958 2934 errore
986 2879 1100 2950 propter
1127 2874 1270 2946 syllabam

93 2620 101 2632 ,
195 2574 358 2651 siguiorcs)
370 2614 381 2650 ,
412 2588 505 2631 rerss.
532 2572 625 2648 vulg.
655 2573 793 2646 Aethiop.
822 2571 902 2631 slav.
929 2571 1127 2645 nonnullisque
1153 2575 1271 2644 patrum
1380 2609 1381 2659 ,

195 2671 311 2747 seriptis
332 2673 543 2732 tiriesbach.
564 2674 753 2751 Matthaei,
773 2675 918 2747 Knapp,
945 2671 1156 2731 Lachmann
1183 2674 1290 2729 recte'

193 2979 312 3053 primam
331 2979 414 3038 verbi
433 2992 494 3054 seq.
508 2969 707 3058 δοκιμάζετε.
752 2977 928 3054 Quanquam,
948 2977 997 3054 ait,
1016 2977 1099 3036 vobis
1113 2974 1184 3054 dixi,
1206 2975 1269 3056 mi-
1380 3007 1381 3012 κ

193 3067 269 3139 nirr're
290 3069 523 3140 contemnendam
544 3095 609 3138 esse
630 3076 839 3158 προφητείαν,
857 3082 951 3155 probe
973 3086 1073 3138 tumen
1093 3079 1273 3152 exundante

194 3182 250 3259 (de
271 3181 396 3262 δοντα.
416 3183 466 3240 vd.
488 3180 519 3258 i,
531 3180 596 3260 4.),
617 3197 814 3257 quaecunque
835 3184 915 3240 dicto
934 3178 1069 3257 fuerint,
1090 3177 1178 3254 polite
1200 3176 1273 3238 cui-
1380 3205 1381 3208 ¹

140 3317 150 3324 -
193 3283 240 3341 vis
261 3299 294 3340 sc
316 3276 533 3362 πνευματικὸν
554 3281 696 3355 profitenti
716 3281 801 3338 tidem
821 3281 937 3341 habere.
981 3280 1119 3341 Simihter
1139 3281 1167 3342 Ι.
1182 3282 1273 3341 cm.

195 3383 254 3462 14,
267 3386 320 3444 29.
348 3383 425 3440 dicta
445 3382 509 3442 τῶν
530 3383 712 3462 προφητῶν
736 3383 767 3440 ἰο
786 3389 879 3442 'coetu
900 3381 1005 3442 Christ.
1031 3383 1205 3458 loquentium
1234 3381 1274 3440 ah
1380 3441 1381 3464 ,

194 3485 260 3543 aliis
279 3484 340 3540 vult
361 3482 523 3562 diiudicari,
544 3485 583 3557 et,
603 3498 687 3556 qnam
708 3483 805 3557 plures
824 3499 895 3558 prae
913 3483 1019 3544 ceteris
1038 3484 1171 3560 habeant,
1192 3484 1274 3542 dex·
1380 3471 1381 3508 ί

193 3586 334 3647 teritotem
353 3583 409 3642 hoe
431 3583 566 3659 laedendi,
588 3581 762 3666 διακρίσεις
783 3581 985 3667 πνευμάτων,
1006 3589 1048 3646 ud
1066 3587 1193 3645 madero
1213 3601 1273 3644 re-

190 3687 255 3762 fert
275 3687 423 3764 ‚Spiritum
444 3689 501 3742 dio.
523 3686 550 3747 ί.
564 3687 648 3747 Gerr.
660 3689 714 3764 12,
730 3689 781 3746 10.
797 3691 851 3748 etr.
871 3689 900 3748 Ι.
915 3690 966 3748 1ο.
980 3690 1020 3768 4,
1034 3688 1063 3749 1.
1108 3689 1272 3746 Commen-

194 3791 278 3848 datur
298 3803 369 3846 usus
388 3785 513 3862 diligens
533 3786 652 3846 rationis
671 3788 828 3867 humanae,
856 3805 906 3863 per
927 3789 1019 3862 ipsam
1040 3787 1188 3847 doctrinae
1208 3805 1273 3848 ve-

193 3907 244 3950 rae
271 3905 376 3966 evang.
396 3889 519 3947 indolem
540 3891 628 3962 probe
658 3893 802 3966 cognitam
823 3889 961 3949 divinitus
980 3889 1154 3966 illustratae,
1181 3893 1274 3964 atque

192 3991 291 4049 ludicii
312 3987 515 4050 exercitatione
543 3991 654 4050 subacti
682 3991 974 4071 (Hebrn‘.5,14·),
1002 4009 1058 4068 quo
1085 3993 1121 4050 de
1141 3992 1273 4066 singulis
1303 4031 1309 4042 .
1380 3991 1381 4010 ’

63 4146 68 4154 ,
193 4091 312 4150 ahorum
333 4091 424 4150 edatis
446 4094 614 4152 sententiam
635 4096 714 4151 terre
726 4095 882 4170 valeamus,
902 4099 998 4154 utrum
1018 4092 1106 4152 indoli
1127 4097 1155 4150 et
1173 4095 1270 4168 inge·
1380 4121 1381 4134 r

193 4193 241 4252 nlo
262 4189 409 4251 doctrinae
431 4207 535 4274 evang,
558 4195 728 4254 conveniant
747 4211 801 4253 nec
823 4211 867 4252 ue.
911 4197 973 4262 Qua
985 4195 1108 4269 quidem
1127 4194 1269 4264 explora-

192 4295 269 4356 tione
288 4292 345 4352 hoc
366 4295 444 4352 ethei
465 4295 526 4354 vult
540 4295 641 4369 apost
658 4301 700 4374 ut,
721 4313 906 4374 quaecunque
926 4312 1000 4356 vera
1021 4303 1049 4355 et
1069 4299 1189 4360 honesta
1210 4311 1270 4356 eo-
1380 4293 1381 4366 ζ
