2772 4962
182 534 185 544 .
234 427 310 500 1ἀῖ
380 426 535 518 Epistl.
557 427 602 496 ud
623 424 796 498 Thessali.
826 425 864 494 O.
888 423 931 494 V.
953 421 996 495 V·
1018 420 1164 490 9-11.

231 608 260 666 1.
276 607 359 666 Corr.
372 607 406 683 3,
422 603 473 664 16.
486 618 532 681 aq.
554 604 652 682 o,1s.
681 604 728 662 Π.
748 603 833 663 cns.
849 604 884 680 6,
901 601 954 661 to.
1001 596 1085 658 Unda
1103 595 1154 659 rb.
1182 592 1297 658 οἶκο-

232 702 251 766 b
258 727 276 764 o
283 711 389 786 μεῖν,
412 707 488 780 quod
507 705 624 777 proprie
642 705 721 762 valet
741 703 778 761 de
798 702 951 776 aediliciis,
978 717 1051 774 qnae
1071 700 1120 756 vel
1139 704 1300 758 exstruun-

231 809 279 864 brr
303 808 351 864 rel
369 808 576 882 instaurantur,
602 805 635 864 in
651 804 729 864 hunc
748 805 858 866 transiit
877 819 962 862 usum
983 799 1222 872 metaphoricum:
1250 801 1301 858 ei-

232 908 337 984 iioere,
362 913 394 966 ut
413 907 461 964 alii
480 907 656 964 incrementa
676 907 789 980 capiant
810 903 996 980 cognitionis,
1021 902 1150 976 pietatis,
1176 901 1304 974 struitis,

233 1008 443 1082 tranquillitatis
470 1023 542 1066 vere
570 1008 765 1084 Christianae,
791 1023 816 1065 s.
841 1007 1000 1064 animorum
1026 1002 1110 1060 saluti
1137 1002 1304 1074 adstruere,

234 1112 264 1171 1.
280 1110 643 1185 corr.8,l.1o.1o,ra.
659 1109 717 1186 14,
729 1108 833 1172 4.,11.
875 1106 1039 1164 normulam
1060 1098 1117 1166 εἷς
1136 1095 1205 1160 τάν
1227 1100 1303 1162 ἕνα

233 1211 254 1272 i.
266 1225 294 1283 q.
315 1202 474 1281 ἀλλήλους
494 1225 551 1268 non
571 1209 726 1268 abhorrere
746 1207 783 1266 ah
803 1223 859 1264 usn
878 1209 1060 1281 profanorum
1082 1202 1304 1275 docuit·liyp-

233 1311 279 1370 ko
300 1313 376 1371 obas.
395 1327 490 1370 τουτο.
511 1327 540 1384 p.
552 1309 623 1370 339.
643 1311 692 1370 vd.
712 1312 840 1388 Dionys.
861 1310 961 1368 Halia.
983 1311 1059 1365 nott.
1080 1307 1197 1364 λλοκιιιι
1223 1306 1245 1362 t.
1268 1308 1304 1364 2.

233 1427 266 1486 p.
285 1411 364 1472 134.
414 1412 606 1471 cohortationi
627 1410 923 1470 Thessalonicensiom
951 1409 1036 1466 etiam
1052 1405 1092 1494 h.
1113 1405 1133 1464 l.
1153 1405 1305 1464 laudatio-

235 1527 299 1570 nem
320 1526 428 1589 corum,
448 1528 521 1586 quae
541 1513 688 1586 hucusque
706 1511 836 1588 iecerint,
849 1511 950 1586 Apost.
962 1510 1066 1570 deesse
1076 1507 1179 1568 noluit:
1199 1506 1305 1566 aad·

169 1625 172 1634 ·
237 1607 287 1680 ὣς
305 1610 374 1673 καλ
393 1617 556 1695 borotra,
577 1615 626 1674 vd.
647 1611 746 1690 1,10.

267 1751 271 1764 ’
321 1767 483 1839 Sequuntur
508 1765 626 1842 iterum,
650 1769 683 1824 ut
710 1765 742 1826 c.
764 1765 818 1826 IV.
850 1780 879 1823 v.
899 1761 930 1823 b.
956 1779 1018 1838 sqq.
1049 1759 1156 1822 diversi
1183 1761 1307 1838 genens

236 1863 461 1942 cohortationes,
489 1883 561 1941 quac
581 1869 618 1926 ad
639 1869 735 1926 otilcia
754 1867 869 1942 singula
889 1865 1038 1938 pertinent
1085 1864 1212 1921 Primum
1233 1863 1308 1935 qui-

236 1967 302 2024 dem
329 1968 367 2024 de
387 1969 549 2026 doctoribus
573 1970 809 2043 praesidibusqua
835 1967 976 2024 ecclesiae
1004 1969 1084 2023 recte
1108 1963 1308 2020 aestumandis
1375 1929 1376 2020 λ

236 2067 421 2139 colendisque
441 2069 621 2140 praecipitur.
663 2070 754 2138 Quam
772 2068 993 2127 cohortationem
1007 2064 1105 2124 verbis
1125 2065 1307 2122 anteceden-

236 2168 311 2224 tibus
330 2165 386 2224 hoc
413 2184 488 2225 nexu
508 2171 710 2227 sententiarum
731 2169 801 2227 satis
822 2169 969 2228 commodo
991 2167 1164 2240 cohaerere,
1185 2165 1307 2237 Chry-

239 2272 418 2328 sostomus
457 2268 651 2342 'l'heophyl
690 2269 829 2329 Ocnum.
859 2272 984 2344 itemque
1016 2269 1092 2326 inter
1125 2267 1308 2326 renenhores

239 2367 456 2444 Michaelis,
482 2369 593 2445 Flatt,
620 2369 670 2440 sifi
701 2376 797 2448 recte,
821 2371 935 2446 opinor,
961 2371 1174 2431 intellexerunt:
1202 2383 1305 2442 quan-

238 2484 322 2543 quam
341 2469 425 2526 vobis
445 2470 594 2528 adtirmavi
615 2469 664 2547 (v.
685 2471 772 2550 il),
797 2471 976 2529 laudabiliter
996 2471 1075 2546 deri,
1104 2471 1178 2546 quod
1198 2469 1308 2526 τουτο-

237 2569 343 2626 nitioue
363 2573 393 2627 et
412 2571 603 2629 consolatione
623 2577 721 2630 nnuma
740 2577 857 2631 vestrae
877 2572 1033 2630 animorum
1050 2573 1134 2628 saluti
1153 2569 1309 2628 adstruere

237 2671 393 2746 studeatis,
413 2672 499 2729 nolite
520 2676 614 2731 tamen
634 2674 813 2748 existimare,
839 2689 893 2730 vos
914 2672 990 2729 haud
1011 2673 1144 2748 indigere
1171 2671 1307 2729 doctori-

238 2772 307 2847 bns,
330 2771 379 2848 qul
410 2787 481 2844 prae
514 2773 619 2830 ceteris
650 2789 767 2832 munera
799 2777 957 2848 iungantur
983 2775 1056 2831 alios
1082 2771 1247 2831 instituendi
1277 2776 1310 2829 et

238 2873 519 2934 commonefaciendi.
565 2875 656 2932 Immo
687 2874 825 2934 honorem
857 2875 980 2934 debitum
1012 2878 1041 2932 et
1073 2873 1239 2946 obsequium
1268 2873 1309 2930 iis

237 2977 389 3048 praestate.
436 2975 552 3036 'drausii
579 2975 681 3034 deinde
707 2977 798 3036 oratio
824 2976 864 3034 ad
890 2978 1071 3034 concordiam
1098 2973 1307 3033 commendan-

236 3075 304 3135 dcrn
324 3079 354 3134 et
372 3093 514 3154 amorem,
534 3077 583 3152 qui
602 3079 721 3136 salutem
742 3079 861 3137 aliorum
882 3077 1021 3136 internam
1041 3076 1180 3149 docendo,
1206 3073 1308 3132 corri-

237 3180 350 3256 gendo,
376 3180 549 3238 consolando
569 3179 697 3238 lubenter
717 3181 835 3238 adiuvet
854 3179 949 3257 (quod
968 3179 1091 3251 scriptor
1106 3192 1194 3247 supra
1211 3191 1240 3232 v.
1254 3175 1309 3234 11.

237 3275 363 3336 breviter
384 3281 592 3338 enunhaverat:
612 3277 668 3339 καλ
690 3277 880 3360 οἰκοδομεῖτε
899 3281 990 3358 etc),
1017 3282 1146 3339 emantes
1173 3279 1202 3336 et
1228 3293 1309 3350 pec-

238 3379 337 3437 cantes
356 3379 496 3451 patienter
515 3382 604 3456 ierat,
623 3379 750 3439 vindicta
769 3383 916 3440 obstineat

322 3521 366 3592 V·
393 3521 491 3591 12-
502 3523 563 3592 15.
601 3521 792 3614 Εριοτῶμτν
812 3523 883 3595 δὲ
867 3529 970 3614 υμᾶς,
997 3521 1176 3616 ἀδελφοί,·
1170 3517 1311 3594 εἰδέναι

279 3621 358 3706 τοὺς
385 3627 568 3704 κοπιῶντας
595 3627 629 3694 ἐν
655 3623 734 3716 ὑμῖν
764 3633 821 3698 καὶ
852 3635 1113 3720 προϊσταμένους
1143 3623 1237 3715 ὑμῶν
1270 3630 1310 3695 ἐν

279 3727 380 3822 κυρίω
407 3731 463 3793 καὶ
490 3727 776 3810 νουθετοῦντας*
759 3734 865 3818 υμάς,
890 3736 940 3812 (r.
965 3731 1044 3850 13.)
1065 3737 1122 3800 καὶ
1142 3727 1310 3816 ἡγεῖσθαι

280 3827 403 3910 αὐτοὺς
424 3824 698 3919 ὑπερεκπερισσοῦ
718 3835 751 3902 ἐν
773 3829 902 3926 ἀγάπῃ,
924 3831 1045 3908 διὰτὸ
1066 3834 1161 3926 ἔργον
1182 3829 1309 3898 αὐτῶν.

280 3929 471 4024 Εἰρηνιὺιτε
508 3935 542 4000 ἐν
577 3935 713 4014 ἑαυτοῖς.
763 3940 821 4017 (v.
848 3934 933 4018 14.)
967 3936 1234 4025 Παρακαλοῦμεν
1270 3938 1309 4002 δὲ

279 4031 383 4122 ὑμᾶς,
411 4032 565 4126 ἀδελφοί,
587 4043 775 4105 νουθετεῖτε
795 4035 874 4118 τοὺς
894 4033 1068 4122 ἀτάκτους,
1089 4039 1308 4126 παραμυθεῖ-

278 4142 346 4204 σθε
373 4136 450 4217 τούς
473 4133 710 4228 ὀλιγοψύχους,
745 4135 925 4227 ἀντέχεσθε
953 4141 1020 4208 τῶν
1043 4137 1214 4225 ἀσθενῶν,
1238 4163 1308 4224 μα-

279 4243 475 4331 κροθυμεῖτε
510 4239 593 4334 πρὸς
620 4237 758 4323 πάντας.
810 4245 861 4323 (v.
889 4238 969 4324 15.)
1000 4237 1139 4334 Ὁρᾶτε,
1175 4237 1224 4328 μή
1253 4267 1307 4324 τις
