2704 4954
198 471 353 559 Epistola
375 475 418 539 aii
443 471 594 540 Galatas.
624 473 662 542 Ο.
677 473 719 544 V.
744 475 785 545 V.
807 475 922 544 1-6.
1022 475 1103 545 549

35 647 220 728 δίχεσδαι
241 651 400 728 amone,
416 639 467 708 19.
477 651 531 710 23.
549 652 601 710 26.
629 652 758 712 [Cora.
772 654 805 730 1,
818 653 849 713 7.
871 654 913 715 ol.
935 653 1008 728 (neo
1028 669 1100 726 pro-

34 753 107 810 fanis
126 753 238 810 oninlno
259 753 448 828 incognitum,
471 769 627 826 quanquam
649 755 759 831 rarius)
788 755 853 826 plus
874 755 994 812 involvit
1015 770 1099 828 quain
1206 774 1211 788 ·

33 854 123 926 simpl.
142 850 339 928 ἓκδέχισδαιι
361 853 398 911 ad
419 855 503 910 linem
525 871 624 930 usqne,
645 856 785 927 patienter
805 861 983 928 exspectare.
1020 859 1099 942 Sen-

31 957 131 1030 tentia,
157 953 231 1027 qnod
253 971 313 1012 rem
334 955 497 1026 primariam
518 959 631 1034 attinet,
658 957 736 1015 haud
762 961 902 1033 mutatur,
928 958 993 1016 sive
1011 959 1100 1030 Apo-

30 1059 131 1116 stolum
150 1061 216 1128 post
236 1053 377 1116 liuida
399 1054 662 1132 δικαιοσύνης
681 1059 759 1117 aliud
778 1061 899 1118 verbnm
920 1060 968 1135 (v.
985 1076 1011 1116 c.
1026 1054 1097 1136 ἕχο-

29 1159 103 1240 pier)
124 1159 153 1214 lu
173 1162 267 1215 mente
288 1159 437 1216 habentem
452 1159 627 1230 pleonastioe
641 1159 795 1232 scripsisse
810 1175 981 1218 censeamus
997 1155 1098 1219 ἆσαι-

29 1251 205 1336 δεχόμεδαι
221 1245 225 1254 ’
240 1259 378 1317 hahemus
404 1263 645 1332 exspectationem
672 1266 864 1337 constantem,
890 1277 943 1319 nos
969 1277 1098 1334 perven-

27 1367 108 1416 turos
136 1361 171 1418 ad
198 1361 388 1419 conditionem
413 1361 558 1420 hominum
585 1365 647 1421 ileo
669 1365 853 1446 propriorum
882 1364 916 1421 C.
933 1365 972 1422 11.
999 1379 1030 1420 v.
1046 1360 1096 1419 ai.

28 1461 280 1538 [quemadmodum
306 1464 353 1521 11.
366 1463 495 1540 como,
508 1463 567 1521 24.
594 1457 651 1538 τὴν
676 1455 733 1524 οὖν
754 1459 886 1537 ἔνδειξιν
908 1459 1097 1538 ἐνδείξασθε,

28 1565 85 1620 cfr.
112 1563 255 1633 liaphel.
282 1571 430 1624 annotatt.
459 1580 502 1622 eo:
522 1565 625 1643 Polyb.
646 1566 685 1622 ad
705 1565 734 1622 h.
754 1567 807 1643 1.),
828 1568 908 1641 sire,
929 1566 1005 1638 qnod
1024 1566 1096 1624 hu-

25 1665 107 1722 ther
126 1665 309 1722 llamhach
329 1667 434 1724 Wolf
450 1665 579 1723 Morus
599 1668 798 1742 praeiverunt,
825 1663 933 1726 ἐλπίδα
955 1663 1095 1726 δικαισσ.

23 1765 200 1837 accipiamus
220 1781 272 1837 pro
294 1761 514 1840 δικαιοσύνην,
535 1759 575 1842 ἢν
597 1764 776 1847 ἐλπίζομσνι
799 1771 1000 1840 exspectamus
1021 1781 1095 1824 oon-

23 1871 158 1926 ditionem
182 1867 328 1924 hominum
353 1869 415 1925 ileo
440 1869 560 1939 prohatt.
586 1869 668 1926 nohis
695 1875 838 1941 speratam
865 1886 889 1928 s.
916 1868 1096 1944 sperandam,

24 1969 111 2026 cuius
130 1983 209 2040 sporn
229 1969 312 2026 nohis
332 1970 404 2026 feeit
422 1971 573 2040 promissio
593 1971 702 2027 divina.
750 1969 908 2043 Utrumque
938 1971 1096 2041 simplicius

22 2071 198 2144 putaverim,
219 2085 303 2142 quam
325 2071 400 2144 qnod
420 2073 494 2129 inter
513 2075 582 2129 vett.
603 2071 782 2129 'l'heodou
810 2087 847 2130 ex
869 2073 974 2130 nostris
1003 2071 1094 2130 ero-
1147 2085 1150 2098 ·

22 2174 98 2230 tius
117 2171 242 2244 Koppe
262 2173 401 2246 Borger
421 2173 554 2230 Paulus
574 2174 748 2230 maluerint:
777 2179 904 2246 exspect.
926 2174 1094 2232 felicitatem

20 2277 166 2345 speratam
190 2273 262 2347 [qno
284 2289 370 2330 sensu
391 2281 542 2346 metonym.
563 2271 646 2339 itale
675 2279 738 2336 Coi.
754 2277 785 2355 1,
801 2275 856 2352 δ.)
882 2291 956 2351 quae
977 2275 1094 2334 matin-

20 2379 76 2449 get
96 2375 160 2432 olim
187 2375 347 2432 hominihus
368 2378 431 2434 lleo
458 2377 592 2450 probatis.
646 2377 778 2454 [Novam
805 2380 948 2450 interpret
975 2377 1094 2435 tentavit

22 2491 118 2546 nuper
137 2476 317 2534 Matthics
339 2477 425 2534 adh.
447 2478 480 2534 l.=
507 2493 544 2533 ex
565 2479 621 2534 lde
643 2481 808 2552 accipimus
828 2497 852 2535 a.
874 2481 1093 2556 nneplecthmtr,

20 2579 212 2636 vindicum
232 2582 317 2637 noos
337 2593 417 2650 spem
438 2577 622 2654 conditionis,
649 2595 707 2652 qua
727 2581 788 2637 lieu
808 2581 967 2650 probemur.
1010 2580 1092 2637 Con-

19 2679 163 2754 cedimus,
183 2680 230 2737 νδ.
252 2674 488 2754 ἀπεκδέχεσδαι
509 2682 667 2738 seminium
688 2685 804 2754 etymon
824 2681 921 2753 utique
940 2680 985 2738 sio
1004 2679 1092 2738 intel-

16 2781 74 2855 ligi
97 2797 195 2858 posse,
221 2797 276 2840 neo
296 2797 397 2854 parum
422 2782 614 2840 commendari
638 2783 715 2840 liano
742 2781 879 2839 rationem
901 2781 1038 2839 facilitate
1065 2785 1094 2837 et

17 2883 214 2954 simplicitate.
261 2883 418 2957 llxempla,
448 2899 522 2954 quae
552 2885 631 2944 hanc
648 2886 741 2942 serbi
772 2889 940 2958 potestatem
970 2883 1093 2940 sermoni

16 2985 60 3044 N.
83 2985 117 3041 p,
139 2985 299 3061 vindicent,
327 2985 537 3058 desideramus,
566 2987 621 3043 nisi
646 2988 723 3042 forto
748 2985 806 3041 hnc
832 2988 943 3043 referre
967 2983 1095 3041 volneris

15 3089 132 3146 licon.
145 3091 177 3165 9,
191 3085 268 3164 28]
309 3087 416 3154 Quaeri
435 3087 534 3159 possit,
555 3103 611 3159 qua
631 3089 668 3144 de
689 3103 778 3142 cansa
798 3086 956 3158 Apostolus
977 3086 1014 3143 de
1033 3083 1092 3141 im-

15 3189 161 3262 petranda
187 3189 245 3244 hac
267 3189 428 3245 conditione
447 3192 581 3260 tanquam
602 3189 639 3246 de
659 3205 693 3246 re
714 3191 810 3245 futura
830 3188 963 3260 loquutus
983 3183 1093 3243 fueriti

14 3293 128 3350 Nonne
160 3291 291 3348 homines
318 3290 433 3348 Christo
465 3305 537 3346 vore
563 3289 672 3346 addicti
697 3291 755 3348 iam
781 3265 857 3347 nuno
886 3291 1037 3346 versantur
1063 3287 1092 3344 in

14 3384 241 3474 δικαιοσύνῃ)
283 3393 446 3450 'l'eneamus
473 3407 544 3448 vero
572 3392 615 3469 o)
635 3393 820 3464 praecipuam
846 3393 905 3448 vim
930 3389 1017 3449 huius
1042 3387 1093 3447 δι-

12 3486 202 3562 καισσδκησ
229 3494 267 3550 ad
293 3493 458 3550 felicitatem
485 3479 629 3567 spectare,
662 3495 745 3550 ouiiis
773 3493 839 3550 oiinr
872 3497 1005 3566 tanquam
1031 3491 1094 3548 ilco

10 3594 132 3670 probati
153 3595 308 3666 participes
328 3596 419 3652 simus
444 3596 533 3652 futuri
552 3596 582 3653 in
603 3609 695 3670 regno
720 3593 834 3669 divino,
861 3593 900 3670 δ)
922 3590 1092 3664 Apostolum

7 3699 41 3757 id
68 3697 186 3772 egisse,
212 3701 244 3753 nt
264 3696 430 3753 modestiam
451 3697 574 3754 hominis
600 3713 671 3754 vere
692 3695 848 3753 Christiani
868 3696 957 3752 verho
984 3688 1091 3752 αἰιικ-

7 3796 189 3876 δεχόμεθα
210 3802 365 3869 opponeret
383 3799 566 3873 arrogantiae
585 3799 697 3856 illorum
718 3797 877 3869 dequibus
897 3811 926 3852 v.
943 3793 972 3852 t.
999 3794 1093 3852 dixis·

4 3907 59 3962 set
91 3896 130 3959 ἐκ
159 3893 251 3978 νόμῳ
274 3895 477 3972 δικαιοῦσθε,
504 3901 534 3956 h.
559 3917 584 3957 s.
611 3915 664 3958 eos
691 3899 805 3972 quidem
831 3897 887 3954 lam
913 3887 1003 3954 heluo
1029 3896 1093 3952 iure

5 4001 149 4078 quodam
175 4015 212 4058 ex
239 4001 371 4074 opinione
393 4007 495 4058 vestra
519 4001 673 4074 possidetis
698 3993 759 4071 τὴν
785 3991 1011 4069 δικαιοσύνην,
1038 4011 1095 4054 noa

4 4099 183 4164 modestius
214 4119 378 4177 speramus,
404 4104 478 4176 qnod
507 4118 545 4160 ex
577 4103 668 4160 libera
691 4101 747 4159 llol
774 4101 869 4178 gratia
894 4099 1094 4171 proficiscitur,

4 4207 130 4266 fiducia
160 4207 272 4278 quidem
299 4205 535 4262 constantissima.
583 4195 645 4272 Quo
671 4219 757 4261 sensu
783 4203 912 4260 homines
939 4199 1093 4256 Christiani

6 4303 72 4370 δισῖ
110 4305 246 4373 πίστεως
276 4323 300 4366 a
327 4301 367 4367 ἔκ
396 4302 557 4373 effossus
592 4305 724 4365 dicantur
755 4299 1025 4363 δικαιοῦσθαι
1057 4301 1095 4358 ιδ
