<?xml version="1.0" encoding="UTF-8"?>
<!DOCTYPE html PUBLIC "-//W3C//DTD XHTML 1.0 Transitional//EN"
    "http://www.w3.org/TR/xhtml1/DTD/xhtml1-transitional.dtd">
<html xmlns="http://www.w3.org/1999/xhtml" xml:lang="en" lang="en">
 <head>
  <title>
</title>
<meta http-equiv="Content-Type" content="text/html;charset=utf-8" />
  <meta name='ocr-system' content='tesseract 3.04.00' />
  <meta name='ocr-capabilities' content='ocr_page ocr_carea ocr_par ocr_line ocrx_word'/>
</head>
<body>
  <div class='ocr_page' id='page_1' title='image "./epistolaepaulia00schogoog_0366.png"; bbox 0 0 2710 4954; ppageno 0'>
   <div class='ocr_carea' id='block_1_1' title="bbox 209 450 1106 550">
    <p class='ocr_par' dir='ltr' id='par_1_1' title="bbox 209 450 1106 550">
     <span class='ocr_line' id='line_1_1' title="bbox 209 450 1106 550; baseline -0.002 -25"><span class='ocrx_word' id='word_1_1' title='bbox 209 453 290 529; x_wconf 79' lang='lat' dir='ltr'><strong>alt</strong></span> <span class='ocrx_word' id='word_1_2' title='bbox 374 455 529 550; x_wconf 77' lang='lat' dir='ltr'><strong>Epistola</strong></span> <span class='ocrx_word' id='word_1_3' title='bbox 550 457 593 526; x_wconf 86' lang='lat' dir='ltr'><strong>nd</strong></span> <span class='ocrx_word' id='word_1_4' title='bbox 615 453 769 526; x_wconf 74' lang='lat' dir='ltr'><strong>Galatas.</strong></span> <span class='ocrx_word' id='word_1_5' title='bbox 791 453 830 526; x_wconf 83' lang='lat' dir='ltr'><strong>C.</strong></span> <span class='ocrx_word' id='word_1_6' title='bbox 851 452 881 526; x_wconf 82' lang='grc' dir='ltr'><strong>Ι.</strong></span> <span class='ocrx_word' id='word_1_7' title='bbox 901 450 1106 526; x_wconf 65' lang='grc'><strong><em>61612.</em></strong></span> 
     </span>
    </p>
   </div>
   <div class='ocr_carea' id='block_1_2' title="bbox 148 627 1277 4368">
    <p class='ocr_par' dir='ltr' id='par_1_2' title="bbox 148 627 1277 4368">
     <span class='ocr_line' id='line_1_2' title="bbox 207 627 1271 711; baseline -0.003 -19"><span class='ocrx_word' id='word_1_8' title='bbox 207 633 295 699; x_wconf 80' lang='lat' dir='ltr'><strong>retus</strong></span> <span class='ocrx_word' id='word_1_9' title='bbox 313 635 434 711; x_wconf 79' lang='lat' dir='ltr'><strong>agatur,</strong></span> <span class='ocrx_word' id='word_1_10' title='bbox 461 646 536 708; x_wconf 83' lang='lat' dir='ltr'><strong>qnae</strong></span> <span class='ocrx_word' id='word_1_11' title='bbox 559 635 687 701; x_wconf 68' lang='lat' dir='ltr'><strong>remoue</strong></span> <span class='ocrx_word' id='word_1_12' title='bbox 714 629 806 690; x_wconf 85' lang='lat' dir='ltr'><strong>oonlis</strong></span> <span class='ocrx_word' id='word_1_13' title='bbox 830 631 980 709; x_wconf 78' lang='lat' dir='ltr'><strong>patefiant,</strong></span> <span class='ocrx_word' id='word_1_14' title='bbox 1005 627 1070 692; x_wconf 87' lang='lat' dir='ltr'><strong>sire</strong></span> <span class='ocrx_word' id='word_1_15' title='bbox 1096 643 1171 706; x_wconf 82' lang='lat' dir='ltr'><strong>quae</strong></span> <span class='ocrx_word' id='word_1_16' title='bbox 1197 643 1271 690; x_wconf 86' lang='lat' dir='ltr'><strong>ora-</strong></span> 
     </span>
     <span class='ocr_line' id='line_1_3' title="bbox 206 727 1272 815; baseline -0.002 -21"><span class='ocrx_word' id='word_1_17' title='bbox 206 734 285 794; x_wconf 91' lang='lat' dir='ltr'><strong>tione</strong></span> <span class='ocrx_word' id='word_1_18' title='bbox 303 735 535 812; x_wconf 72' lang='lat' dir='ltr'><strong>manifestentur,</strong></span> <span class='ocrx_word' id='word_1_19' title='bbox 554 737 584 794; x_wconf 94' lang='lat' dir='ltr'><strong>et</strong></span> <span class='ocrx_word' id='word_1_20' title='bbox 605 727 744 794; x_wconf 75' lang='lat' dir='ltr'><strong>oiaoun‘</strong></span> <span class='ocrx_word' id='word_1_21' title='bbox 752 733 884 815; x_wconf 74' lang='lat' dir='ltr'><strong>impres</strong></span> <span class='ocrx_word' id='word_1_22' title='bbox 910 733 956 794; x_wconf 89' lang='lat' dir='ltr'><strong>rei</strong></span> <span class='ocrx_word' id='word_1_23' title='bbox 975 736 1094 806; x_wconf 85' lang='lat' dir='ltr'><strong>opertae</strong></span> <span class='ocrx_word' id='word_1_24' title='bbox 1113 733 1272 807; x_wconf 73' lang='lat' dir='ltr'><strong>patefactio</strong></span> 
     </span>
     <span class='ocr_line' id='line_1_4' title="bbox 207 835 1272 917; baseline -0.004 -20"><span class='ocrx_word' id='word_1_25' title='bbox 207 835 395 916; x_wconf 75' lang='grc'><strong><em>(11666166.</em></strong></span> <span class='ocrx_word' id='word_1_26' title='bbox 410 840 446 915; x_wconf 95' lang='grc'><strong><em>7,</em></strong></span> <span class='ocrx_word' id='word_1_27' title='bbox 461 838 565 917; x_wconf 88' lang='grc'><strong><em>4,16.</em></strong></span> <span class='ocrx_word' id='word_1_28' title='bbox 587 837 741 896; x_wconf 79' lang='lat' dir='ltr'><strong>Plutnrnla</strong></span> <span class='ocrx_word' id='word_1_29' title='bbox 757 837 791 895; x_wconf 83' lang='lat' dir='ltr'><strong>io</strong></span> <span class='ocrx_word' id='word_1_30' title='bbox 806 836 934 896; x_wconf 75' lang='lat' dir='ltr'><strong>Acutilio</strong></span> <span class='ocrx_word' id='word_1_31' title='bbox 955 837 1054 896; x_wconf 72' lang='lat' dir='ltr'><strong>Pontio</strong></span> <span class='ocrx_word' id='word_1_32' title='bbox 1073 835 1171 895; x_wconf 78' lang='grc'><strong><em>614.</em></strong></span> <span class='ocrx_word' id='word_1_33' title='bbox 1192 835 1272 894; x_wconf 80' lang='lat' dir='ltr'><strong>Ptol.</strong></span> 
     </span>
     <span class='ocr_line' id='line_1_5' title="bbox 209 936 1272 1014; baseline -0.006 -14"><span class='ocrx_word' id='word_1_34' title='bbox 209 937 337 1014; x_wconf 74' lang='lat' dir='ltr'><strong>tiorpine</strong></span> <span class='ocrx_word' id='word_1_35' title='bbox 356 955 380 998; x_wconf 79' lang='lat' dir='ltr'><strong>a</strong></span> <span class='ocrx_word' id='word_1_36' title='bbox 392 938 443 997; x_wconf 89' lang='grc'><strong>16.</strong></span> <span class='ocrx_word' id='word_1_37' title='bbox 461 953 493 1014; x_wconf 81' lang='grc' dir='ltr'><strong>ρ.</strong></span> <span class='ocrx_word' id='word_1_38' title='bbox 505 939 557 999; x_wconf 88' lang='grc'><strong>62.</strong></span> <span class='ocrx_word' id='word_1_39' title='bbox 577 953 601 996; x_wconf 83' lang='lat' dir='ltr'><strong>a.</strong></span> <span class='ocrx_word' id='word_1_40' title='bbox 613 937 670 996; x_wconf 83' lang='lat'><strong>14.</strong></span> <span class='ocrx_word' id='word_1_41' title='bbox 686 955 718 1014; x_wconf 84' lang='lat' dir='ltr'><strong>p.</strong></span> <span class='ocrx_word' id='word_1_42' title='bbox 729 939 788 996; x_wconf 92' lang='grc'><strong>64.</strong></span> <span class='ocrx_word' id='word_1_43' title='bbox 812 938 857 996; x_wconf 83' lang='lat' dir='ltr'><strong>ed.</strong></span> <span class='ocrx_word' id='word_1_44' title='bbox 876 937 1024 1014; x_wconf 83' lang='lat' dir='ltr'><strong>Findeis.)</strong></span> <span class='ocrx_word' id='word_1_45' title='bbox 1051 936 1187 996; x_wconf 74' lang='lat' dir='ltr'><strong>neoniam</strong></span> <span class='ocrx_word' id='word_1_46' title='bbox 1211 952 1272 994; x_wconf 82' lang='lat' dir='ltr'><strong>va-</strong></span> 
     </span>
     <span class='ocr_line' id='line_1_6' title="bbox 206 1035 1271 1118; baseline -0.005 -18"><span class='ocrx_word' id='word_1_47' title='bbox 206 1040 265 1100; x_wconf 86' lang='lat' dir='ltr'><strong>lent</strong></span> <span class='ocrx_word' id='word_1_48' title='bbox 284 1040 322 1099; x_wconf 91' lang='lat' dir='ltr'><strong>de</strong></span> <span class='ocrx_word' id='word_1_49' title='bbox 348 1039 402 1115; x_wconf 86' lang='lat' dir='ltr'><strong>iis,</strong></span> <span class='ocrx_word' id='word_1_50' title='bbox 427 1054 502 1113; x_wconf 80' lang='lat' dir='ltr'><strong>qnae</strong></span> <span class='ocrx_word' id='word_1_51' title='bbox 527 1035 703 1118; x_wconf 79' lang='lat' dir='ltr'><strong>hominihus,</strong></span> <span class='ocrx_word' id='word_1_52' title='bbox 731 1055 818 1114; x_wconf 85' lang='lat' dir='ltr'><strong>quum</strong></span> <span class='ocrx_word' id='word_1_53' title='bbox 845 1037 978 1099; x_wconf 82' lang='lat' dir='ltr'><strong>Christus</strong></span> <span class='ocrx_word' id='word_1_54' title='bbox 1008 1039 1204 1114; x_wconf 67' lang='lat' dir='ltr'><strong>apparuisset,</strong></span> <span class='ocrx_word' id='word_1_55' title='bbox 1232 1037 1271 1096; x_wconf 88' lang='lat' dir='ltr'><strong>de</strong></span> 
     </span>
     <span class='ocr_line' id='line_1_7' title="bbox 206 1137 1271 1219; baseline -0.002 -19"><span class='ocrx_word' id='word_1_56' title='bbox 206 1141 292 1205; x_wconf 82' lang='lat' dir='ltr'><strong>rebus</strong></span> <span class='ocrx_word' id='word_1_57' title='bbox 317 1141 423 1202; x_wconf 88' lang='lat' dir='ltr'><strong>divinis</strong></span> <span class='ocrx_word' id='word_1_58' title='bbox 448 1143 512 1201; x_wconf 86' lang='lat' dir='ltr'><strong>Deo</strong></span> <span class='ocrx_word' id='word_1_59' title='bbox 542 1141 659 1200; x_wconf 84' lang='lat' dir='ltr'><strong>volente</strong></span> <span class='ocrx_word' id='word_1_60' title='bbox 690 1143 835 1214; x_wconf 75' lang='lat' dir='ltr'><strong>patefacta</strong></span> <span class='ocrx_word' id='word_1_61' title='bbox 861 1145 944 1219; x_wconf 87' lang='lat' dir='ltr'><strong>sunt,</strong></span> <span class='ocrx_word' id='word_1_62' title='bbox 973 1141 1042 1200; x_wconf 90' lang='lat' dir='ltr'><strong>olim</strong></span> <span class='ocrx_word' id='word_1_63' title='bbox 1074 1137 1123 1199; x_wconf 80' lang='lat' dir='ltr'><strong>voi</strong></span> <span class='ocrx_word' id='word_1_64' title='bbox 1148 1153 1271 1214; x_wconf 86' lang='lat' dir='ltr'><strong>prorsus</strong></span> 
     </span>
     <span class='ocr_line' id='line_1_8' title="bbox 205 1240 1275 1322; baseline -0.004 -20"><span class='ocrx_word' id='word_1_65' title='bbox 205 1241 305 1320; x_wconf 54' lang='lat' dir='ltr'><strong>moola</strong></span> <span class='ocrx_word' id='word_1_66' title='bbox 330 1244 379 1302; x_wconf 87' lang='lat' dir='ltr'><strong>vel</strong></span> <span class='ocrx_word' id='word_1_67' title='bbox 399 1244 493 1304; x_wconf 86' lang='lat' dir='ltr'><strong>minus</strong></span> <span class='ocrx_word' id='word_1_68' title='bbox 513 1247 594 1302; x_wconf 88' lang='lat' dir='ltr'><strong>recte</strong></span> <span class='ocrx_word' id='word_1_69' title='bbox 612 1245 641 1301; x_wconf 93' lang='lat' dir='ltr'><strong>et</strong></span> <span class='ocrx_word' id='word_1_70' title='bbox 665 1242 791 1302; x_wconf 85' lang='lat' dir='ltr'><strong>dilucide</strong></span> <span class='ocrx_word' id='word_1_71' title='bbox 812 1245 938 1322; x_wconf 78' lang='lat' dir='ltr'><strong>cognita</strong></span> <span class='ocrx_word' id='word_1_72' title='bbox 981 1241 1062 1311; x_wconf 78' lang='lat' dir='ltr'><strong>Quae</strong></span> <span class='ocrx_word' id='word_1_73' title='bbox 1083 1240 1130 1300; x_wconf 87' lang='lat' dir='ltr'><strong>his</strong></span> <span class='ocrx_word' id='word_1_74' title='bbox 1150 1241 1275 1300; x_wconf 79' lang='lat' dir='ltr'><strong>vocabi.</strong></span> 
     </span>
     <span class='ocr_line' id='line_1_9' title="bbox 204 1342 1276 1423; baseline -0.004 -19"><span class='ocrx_word' id='word_1_75' title='bbox 204 1345 331 1404; x_wconf 89' lang='lat' dir='ltr'><strong>innuitur</strong></span> <span class='ocrx_word' id='word_1_76' title='bbox 360 1345 516 1422; x_wconf 77' lang='lat' dir='ltr'><strong>revelatio,</strong></span> <span class='ocrx_word' id='word_1_77' title='bbox 542 1345 647 1418; x_wconf 83' lang='lat' dir='ltr'><strong>partim</strong></span> <span class='ocrx_word' id='word_1_78' title='bbox 669 1345 787 1406; x_wconf 74' lang='lat' dir='ltr'><strong>cornio</strong></span> <span class='ocrx_word' id='word_1_79' title='bbox 812 1347 944 1405; x_wconf 85' lang='lat' dir='ltr'><strong>tribuitur</strong></span> <span class='ocrx_word' id='word_1_80' title='bbox 970 1347 1106 1423; x_wconf 80' lang='lat' dir='ltr'><strong>doctori,</strong></span> <span class='ocrx_word' id='word_1_81' title='bbox 1133 1342 1218 1401; x_wconf 83' lang='lat' dir='ltr'><strong>onius</strong></span> <span class='ocrx_word' id='word_1_82' title='bbox 1244 1346 1276 1400; x_wconf 89' lang='lat' dir='ltr'><strong>et</strong></span> 
     </span>
     <span class='ocr_line' id='line_1_10' title="bbox 148 1443 1275 1521; baseline -0.001 -16"><span class='ocrx_word' id='word_1_83' title='bbox 148 1443 151 1455; x_wconf 88' lang='lat'>&#39;</span> <span class='ocrx_word' id='word_1_84' title='bbox 205 1444 336 1506; x_wconf 89' lang='lat' dir='ltr'><strong>doctrina</strong></span> <span class='ocrx_word' id='word_1_85' title='bbox 356 1450 385 1506; x_wconf 92' lang='lat' dir='ltr'><strong>et</strong></span> <span class='ocrx_word' id='word_1_86' title='bbox 404 1449 528 1508; x_wconf 81' lang='lat' dir='ltr'><strong>latorum</strong></span> <span class='ocrx_word' id='word_1_87' title='bbox 548 1449 745 1521; x_wconf 79' lang='lat' dir='ltr'><strong>factorumque</strong></span> <span class='ocrx_word' id='word_1_88' title='bbox 765 1446 857 1506; x_wconf 86' lang='lat' dir='ltr'><strong>series</strong></span> <span class='ocrx_word' id='word_1_89' title='bbox 876 1450 936 1506; x_wconf 86' lang='lat' dir='ltr'><strong>tots</strong></span> <span class='ocrx_word' id='word_1_90' title='bbox 955 1445 1275 1520; x_wconf 76' lang='lat' dir='ltr'><strong>indolesquesingula-</strong></span> 
     </span>
     <span class='ocr_line' id='line_1_11' title="bbox 204 1545 1274 1624; baseline -0.001 -18"><span class='ocrx_word' id='word_1_91' title='bbox 204 1547 246 1606; x_wconf 86' lang='lat' dir='ltr'><strong>ris</strong></span> <span class='ocrx_word' id='word_1_92' title='bbox 267 1549 384 1607; x_wconf 84' lang='lat' dir='ltr'><strong>decreta</strong></span> <span class='ocrx_word' id='word_1_93' title='bbox 405 1549 505 1607; x_wconf 81' lang='lat' dir='ltr'><strong>&#39;divina</strong></span> <span class='ocrx_word' id='word_1_94' title='bbox 525 1549 593 1608; x_wconf 92' lang='lat' dir='ltr'><strong>olim</strong></span> <span class='ocrx_word' id='word_1_95' title='bbox 617 1549 768 1608; x_wconf 83' lang='lat' dir='ltr'><strong>recondita</strong></span> <span class='ocrx_word' id='word_1_96' title='bbox 793 1550 831 1608; x_wconf 88' lang='lat' dir='ltr'><strong>de</strong></span> <span class='ocrx_word' id='word_1_97' title='bbox 856 1547 1020 1609; x_wconf 86' lang='lat' dir='ltr'><strong>horninibus</strong></span> <span class='ocrx_word' id='word_1_98' title='bbox 1043 1563 1097 1624; x_wconf 88' lang='lat' dir='ltr'><strong>per</strong></span> <span class='ocrx_word' id='word_1_99' title='bbox 1123 1545 1274 1607; x_wconf 84' lang='lat' dir='ltr'><strong>christum</strong></span> 
     </span>
     <span class='ocr_line' id='line_1_12' title="bbox 204 1649 1274 1730; baseline -0.001 -22"><span class='ocrx_word' id='word_1_100' title='bbox 204 1650 297 1708; x_wconf 86' lang='lat' dir='ltr'><strong>salute</strong></span> <span class='ocrx_word' id='word_1_101' title='bbox 323 1665 395 1710; x_wconf 80' lang='lat' dir='ltr'><strong>vera</strong></span> <span class='ocrx_word' id='word_1_102' title='bbox 422 1649 558 1708; x_wconf 89' lang='lat' dir='ltr'><strong>ornandis</strong></span> <span class='ocrx_word' id='word_1_103' title='bbox 583 1649 737 1727; x_wconf 79' lang='lat' dir='ltr'><strong>patefecit,</strong></span> <span class='ocrx_word' id='word_1_104' title='bbox 766 1651 876 1711; x_wconf 77' lang='lat' dir='ltr'><strong>Mallia</strong></span> <span class='ocrx_word' id='word_1_105' title='bbox 895 1651 950 1730; x_wconf 89' lang='lat'><strong>11,</strong></span> <span class='ocrx_word' id='word_1_106' title='bbox 968 1653 1023 1710; x_wconf 85' lang='grc'><strong>27.</strong></span> <span class='ocrx_word' id='word_1_107' title='bbox 1052 1651 1130 1710; x_wconf 73' lang='lat' dir='ltr'><strong>Lem.</strong></span> <span class='ocrx_word' id='word_1_108' title='bbox 1150 1652 1184 1727; x_wconf 88' lang='grc'><strong><em>2,</em></strong></span> <span class='ocrx_word' id='word_1_109' title='bbox 1205 1652 1274 1728; x_wconf 72' lang='grc'><strong><em>22,</em></strong></span> 
     </span>
     <span class='ocr_line' id='line_1_13' title="bbox 203 1743 1273 1830; baseline -0.002 -20"><span class='ocrx_word' id='word_1_110' title='bbox 203 1751 307 1825; x_wconf 86' lang='lat' dir='ltr'><strong>partim</strong></span> <span class='ocrx_word' id='word_1_111' title='bbox 329 1752 550 1830; x_wconf 81' lang='lat' dir='ltr'><strong>praedicationi</strong></span> <span class='ocrx_word' id='word_1_112' title='bbox 581 1751 730 1812; x_wconf 84' lang='lat' dir='ltr'><strong>doctrinae</strong></span> <span class='ocrx_word' id='word_1_113' title='bbox 761 1753 798 1812; x_wconf 88' lang='lat' dir='ltr'><strong>de</strong></span> <span class='ocrx_word' id='word_1_114' title='bbox 825 1752 940 1812; x_wconf 83' lang='lat' dir='ltr'><strong>Christo</strong></span> <span class='ocrx_word' id='word_1_115' title='bbox 967 1765 992 1812; x_wconf 88' lang='lat' dir='ltr'><strong>s.</strong></span> <span class='ocrx_word' id='word_1_116' title='bbox 1018 1749 1076 1824; x_wconf 91' lang='lat' dir='ltr'><strong>ipsi</strong></span> <span class='ocrx_word' id='word_1_117' title='bbox 1103 1743 1273 1828; x_wconf 64' lang='lat' dir='ltr'><strong>simulo</strong></span> 
     </span>
     <span class='ocr_line' id='line_1_14' title="bbox 204 1852 1273 1934; baseline -0.002 -22"><span class='ocrx_word' id='word_1_118' title='bbox 204 1853 320 1912; x_wconf 73' lang='lat' dir='ltr'><strong>amnne</strong></span> <span class='ocrx_word' id='word_1_119' title='bbox 332 1853 363 1924; x_wconf 86' lang='lat'><strong>1,</strong></span> <span class='ocrx_word' id='word_1_120' title='bbox 375 1854 427 1912; x_wconf 93' lang='grc'><strong>17.</strong></span> <span class='ocrx_word' id='word_1_121' title='bbox 438 1868 481 1930; x_wconf 78' lang='lat' dir='ltr'><strong>ap.</strong></span> <span class='ocrx_word' id='word_1_122' title='bbox 496 1853 552 1934; x_wconf 89' lang='grc'><strong>16,</strong></span> <span class='ocrx_word' id='word_1_123' title='bbox 564 1855 627 1930; x_wconf 74' lang='grc'><strong>26,</strong></span> <span class='ocrx_word' id='word_1_124' title='bbox 645 1853 750 1926; x_wconf 90' lang='lat' dir='ltr'><strong>partim</strong></span> <span class='ocrx_word' id='word_1_125' title='bbox 760 1856 845 1932; x_wconf 86' lang='lat' dir='ltr'><strong>Deo,</strong></span> <span class='ocrx_word' id='word_1_126' title='bbox 866 1852 950 1912; x_wconf 91' lang='lat' dir='ltr'><strong>modo</strong></span> <span class='ocrx_word' id='word_1_127' title='bbox 966 1853 1139 1928; x_wconf 65' lang='lat' dir='ltr'><strong>ememor</strong></span> <span class='ocrx_word' id='word_1_128' title='bbox 1157 1853 1273 1912; x_wconf 79' lang='lat' dir='ltr'><strong>Mollis.</strong></span> 
     </span>
     <span class='ocr_line' id='line_1_15' title="bbox 206 1953 1277 2034; baseline -0.001 -21"><span class='ocrx_word' id='word_1_129' title='bbox 206 1954 326 2034; x_wconf 86' lang='grc'><strong><em>16,17.</em></strong></span> <span class='ocrx_word' id='word_1_130' title='bbox 350 1955 526 2034; x_wconf 74' lang='lat' dir='ltr'><strong>dal1,1c.</strong></span> <span class='ocrx_word' id='word_1_131' title='bbox 547 1957 677 2031; x_wconf 73' lang='lat' dir='ltr'><strong>Philipp.</strong></span> <span class='ocrx_word' id='word_1_132' title='bbox 688 1956 794 2034; x_wconf 82' lang='grc'><strong><em>2,16.,</em></strong></span> <span class='ocrx_word' id='word_1_133' title='bbox 815 1956 901 2014; x_wconf 90' lang='lat' dir='ltr'><strong>modo</strong></span> <span class='ocrx_word' id='word_1_134' title='bbox 920 1955 961 2012; x_wconf 85' lang='lat' dir='ltr'><strong>ita</strong></span> <span class='ocrx_word' id='word_1_135' title='bbox 985 1957 1018 2012; x_wconf 89' lang='lat' dir='ltr'><strong>ut</strong></span> <span class='ocrx_word' id='word_1_136' title='bbox 1041 1955 1121 2014; x_wconf 84' lang='lat' dir='ltr'><strong>Deus</strong></span> <span class='ocrx_word' id='word_1_137' title='bbox 1146 1953 1196 2012; x_wconf 80' lang='lat' dir='ltr'><strong>vel</strong></span> <span class='ocrx_word' id='word_1_138' title='bbox 1214 1969 1277 2029; x_wconf 86' lang='lat' dir='ltr'><strong>per</strong></span> 
     </span>
     <span class='ocr_line' id='line_1_16' title="bbox 206 2054 1274 2134; baseline -0.002 -18"><span class='ocrx_word' id='word_1_139' title='bbox 206 2057 357 2116; x_wconf 63' lang='lat' dir='ltr'><strong>cometem</strong></span> <span class='ocrx_word' id='word_1_140' title='bbox 388 2054 539 2116; x_wconf 82' lang='lat' dir='ltr'><strong>veritatem</strong></span> <span class='ocrx_word' id='word_1_141' title='bbox 571 2059 738 2132; x_wconf 76' lang='lat' dir='ltr'><strong>patefacere</strong></span> <span class='ocrx_word' id='word_1_142' title='bbox 767 2057 880 2116; x_wconf 88' lang='lat' dir='ltr'><strong>dicatrrr</strong></span> <span class='ocrx_word' id='word_1_143' title='bbox 915 2055 1104 2134; x_wconf 70' lang='grc'><strong><em>11166611,</em></strong></span> <span class='ocrx_word' id='word_1_144' title='bbox 1126 2057 1180 2116; x_wconf 85' lang='grc'><strong>26.</strong></span> <span class='ocrx_word' id='word_1_145' title='bbox 1203 2057 1274 2115; x_wconf 84' lang='grc'><strong><em>6611.</em></strong></span> 
     </span>
     <span class='ocr_line' id='line_1_17' title="bbox 205 2149 1275 2238; baseline 0.003 -23"><span class='ocrx_word' id='word_1_146' title='bbox 205 2158 293 2215; x_wconf 76' lang='grc'><strong><em>627.</em></strong></span> <span class='ocrx_word' id='word_1_147' title='bbox 314 2155 439 2230; x_wconf 71' lang='lat' dir='ltr'><strong>:iperet</strong></span> <span class='ocrx_word' id='word_1_148' title='bbox 452 2159 483 2233; x_wconf 88' lang='lat'><strong>1,</strong></span> <span class='ocrx_word' id='word_1_149' title='bbox 496 2159 537 2236; x_wconf 87' lang='grc'><strong>1.,</strong></span> <span class='ocrx_word' id='word_1_150' title='bbox 558 2158 606 2216; x_wconf 87' lang='lat' dir='ltr'><strong>vei</strong></span> <span class='ocrx_word' id='word_1_151' title='bbox 624 2173 682 2234; x_wconf 82' lang='lat' dir='ltr'><strong>per</strong></span> <span class='ocrx_word' id='word_1_152' title='bbox 702 2157 853 2238; x_wconf 76' lang='grc' dir='ltr'><strong><em>πνεῦμα</em></strong></span> <span class='ocrx_word' id='word_1_153' title='bbox 875 2149 998 2237; x_wconf 69' lang='grc' dir='ltr'><em>ἅγιον</em></span> <span class='ocrx_word' id='word_1_154' title='bbox 1018 2158 1144 2219; x_wconf 75' lang='lat' dir='ltr'><strong>LCorr.</strong></span> <span class='ocrx_word' id='word_1_155' title='bbox 1163 2158 1275 2236; x_wconf 85' lang='grc'><strong><em>2,16.</em></strong></span> 
     </span>
     <span class='ocr_line' id='line_1_18' title="bbox 204 2257 1274 2336; baseline -0.002 -17"><span class='ocrx_word' id='word_1_156' title='bbox 204 2260 329 2333; x_wconf 74' lang='lat' dir='ltr'><strong>liparas</strong></span> <span class='ocrx_word' id='word_1_157' title='bbox 342 2261 374 2334; x_wconf 83' lang='grc'><strong><em>2,</em></strong></span> <span class='ocrx_word' id='word_1_158' title='bbox 385 2260 417 2317; x_wconf 86' lang='grc'><strong>6.</strong></span> <span class='ocrx_word' id='word_1_159' title='bbox 426 2259 467 2318; x_wconf 84' lang='grc'><strong>61.</strong></span> <span class='ocrx_word' id='word_1_160' title='bbox 511 2258 600 2316; x_wconf 83' lang='lat' dir='ltr'><strong>culus</strong></span> <span class='ocrx_word' id='word_1_161' title='bbox 620 2258 757 2333; x_wconf 83' lang='lat' dir='ltr'><strong>postremi</strong></span> <span class='ocrx_word' id='word_1_162' title='bbox 775 2257 895 2336; x_wconf 78' lang='lat' dir='ltr'><strong>generis</strong></span> <span class='ocrx_word' id='word_1_163' title='bbox 915 2260 999 2318; x_wconf 76' lang='lat' dir='ltr'><strong>effata</strong></span> <span class='ocrx_word' id='word_1_164' title='bbox 1014 2273 1174 2334; x_wconf 83' lang='lat' dir='ltr'><strong>quanquam</strong></span> <span class='ocrx_word' id='word_1_165' title='bbox 1193 2271 1274 2330; x_wconf 87' lang='lat' dir='ltr'><strong>pro-</strong></span> 
     </span>
     <span class='ocr_line' id='line_1_19' title="bbox 204 2359 1275 2442; baseline 0.002 -24"><span class='ocrx_word' id='word_1_166' title='bbox 204 2361 268 2433; x_wconf 88' lang='lat' dir='ltr'><strong>pina</strong></span> <span class='ocrx_word' id='word_1_167' title='bbox 288 2360 431 2442; x_wconf 79' lang='lat' dir='ltr'><strong>accedunt</strong></span> <span class='ocrx_word' id='word_1_168' title='bbox 449 2359 488 2418; x_wconf 88' lang='lat' dir='ltr'><strong>ad</strong></span> <span class='ocrx_word' id='word_1_169' title='bbox 507 2361 650 2420; x_wconf 89' lang='lat' dir='ltr'><strong>notionem</strong></span> <span class='ocrx_word' id='word_1_170' title='bbox 670 2361 863 2435; x_wconf 83' lang='lat' dir='ltr'><strong>revelationis,</strong></span> <span class='ocrx_word' id='word_1_171' title='bbox 879 2377 965 2434; x_wconf 83' lang='lat' dir='ltr'><strong>quam</strong></span> <span class='ocrx_word' id='word_1_172' title='bbox 985 2360 1108 2419; x_wconf 82' lang='lat' dir='ltr'><strong>dicimus</strong></span> <span class='ocrx_word' id='word_1_173' title='bbox 1127 2359 1275 2420; x_wconf 75' lang='lat' dir='ltr'><strong>interm</strong></span> 
     </span>
     <span class='ocr_line' id='line_1_20' title="bbox 203 2457 1274 2540; baseline -0.002 -20"><span class='ocrx_word' id='word_1_174' title='bbox 203 2460 393 2520; x_wconf 81' lang='lat' dir='ltr'><strong>immediatam</strong></span> <span class='ocrx_word' id='word_1_175' title='bbox 415 2457 675 2540; x_wconf 81' lang='lat' dir='ltr'><strong>(inspirationem),</strong></span> <span class='ocrx_word' id='word_1_176' title='bbox 694 2461 811 2521; x_wconf 87' lang='lat' dir='ltr'><strong>minime</strong></span> <span class='ocrx_word' id='word_1_177' title='bbox 830 2465 927 2521; x_wconf 85' lang='lat' dir='ltr'><strong>tamen</strong></span> <span class='ocrx_word' id='word_1_178' title='bbox 945 2463 1059 2522; x_wconf 87' lang='lat' dir='ltr'><strong>litterae</strong></span> <span class='ocrx_word' id='word_1_179' title='bbox 1078 2475 1182 2520; x_wconf 87' lang='lat' dir='ltr'><strong>sacrae</strong></span> <span class='ocrx_word' id='word_1_180' title='bbox 1202 2461 1274 2519; x_wconf 86' lang='lat' dir='ltr'><strong>dis-</strong></span> 
     </span>
     <span class='ocr_line' id='line_1_21' title="bbox 204 2561 1275 2637; baseline -0.002 -15"><span class='ocrx_word' id='word_1_181' title='bbox 204 2562 313 2622; x_wconf 88' lang='lat' dir='ltr'><strong>crimen</strong></span> <span class='ocrx_word' id='word_1_182' title='bbox 345 2561 544 2637; x_wconf 81' lang='lat' dir='ltr'><strong>explicuerunt</strong></span> <span class='ocrx_word' id='word_1_183' title='bbox 570 2565 701 2624; x_wconf 83' lang='lat' dir='ltr'><strong>snbtfflus</strong></span> <span class='ocrx_word' id='word_1_184' title='bbox 728 2563 913 2626; x_wconf 81' lang='lat' dir='ltr'><strong>revelationis</strong></span> <span class='ocrx_word' id='word_1_185' title='bbox 940 2562 1083 2624; x_wconf 78' lang='lat' dir='ltr'><strong>mediatae</strong></span> <span class='ocrx_word' id='word_1_186' title='bbox 1108 2563 1138 2621; x_wconf 89' lang='lat' dir='ltr'><strong>et</strong></span> <span class='ocrx_word' id='word_1_187' title='bbox 1163 2562 1275 2622; x_wconf 86' lang='lat' dir='ltr'><strong>imme-</strong></span> 
     </span>
     <span class='ocr_line' id='line_1_22' title="bbox 204 2663 1273 2744; baseline -0.002 -20"><span class='ocrx_word' id='word_1_188' title='bbox 204 2663 311 2740; x_wconf 86' lang='lat' dir='ltr'><strong>diatae,</strong></span> <span class='ocrx_word' id='word_1_189' title='bbox 340 2665 424 2739; x_wconf 86' lang='lat' dir='ltr'><strong>quale</strong></span> <span class='ocrx_word' id='word_1_190' title='bbox 443 2663 474 2723; x_wconf 89' lang='lat' dir='ltr'><strong>ln</strong></span> <span class='ocrx_word' id='word_1_191' title='bbox 494 2664 602 2726; x_wconf 85' lang='lat' dir='ltr'><strong>scholis</strong></span> <span class='ocrx_word' id='word_1_192' title='bbox 628 2665 836 2740; x_wconf 86' lang='lat' dir='ltr'><strong>philosophicis</strong></span> <span class='ocrx_word' id='word_1_193' title='bbox 857 2670 886 2726; x_wconf 89' lang='lat' dir='ltr'><strong>et</strong></span> <span class='ocrx_word' id='word_1_194' title='bbox 905 2665 1079 2744; x_wconf 81' lang='lat' dir='ltr'><strong>theologicis</strong></span> <span class='ocrx_word' id='word_1_195' title='bbox 1097 2663 1181 2724; x_wconf 81' lang='lat' dir='ltr'><strong>vario</strong></span> <span class='ocrx_word' id='word_1_196' title='bbox 1202 2664 1273 2722; x_wconf 89' lang='lat' dir='ltr'><strong>dis-</strong></span> 
     </span>
     <span class='ocr_line' id='line_1_23' title="bbox 205 2761 1274 2850; baseline 0 -26"><span class='ocrx_word' id='word_1_197' title='bbox 205 2767 343 2837; x_wconf 79' lang='lat' dir='ltr'><strong>ceptatur·</strong></span> <span class='ocrx_word' id='word_1_198' title='bbox 385 2765 537 2824; x_wconf 79' lang='lat' dir='ltr'><strong>obiectum</strong></span> <span class='ocrx_word' id='word_1_199' title='bbox 565 2761 805 2850; x_wconf 70' lang='grc' dir='ltr'><strong>ἀποκαλύψεως</strong></span> <span class='ocrx_word' id='word_1_200' title='bbox 826 2771 856 2828; x_wconf 87' lang='grc'><strong>61</strong></span> <span class='ocrx_word' id='word_1_201' title='bbox 874 2768 1011 2826; x_wconf 83' lang='lat' dir='ltr'><strong>universe</strong></span> <span class='ocrx_word' id='word_1_202' title='bbox 1028 2765 1134 2824; x_wconf 87' lang='lat' dir='ltr'><strong>dicitur</strong></span> <span class='ocrx_word' id='word_1_203' title='bbox 1155 2767 1274 2824; x_wconf 81' lang='lat' dir='ltr'><strong>verita-</strong></span> 
     </span>
     <span class='ocr_line' id='line_1_24' title="bbox 202 2865 1274 2946; baseline 0.001 -21"><span class='ocrx_word' id='word_1_204' title='bbox 202 2866 242 2925; x_wconf 90' lang='lat' dir='ltr'><strong>tis</strong></span> <span class='ocrx_word' id='word_1_205' title='bbox 263 2865 444 2926; x_wconf 84' lang='lat' dir='ltr'><strong>Christianae</strong></span> <span class='ocrx_word' id='word_1_206' title='bbox 465 2867 593 2944; x_wconf 81' lang='lat' dir='ltr'><strong>cognitio</strong></span> <span class='ocrx_word' id='word_1_207' title='bbox 611 2872 707 2946; x_wconf 87' lang='lat' dir='ltr'><strong>recta,</strong></span> <span class='ocrx_word' id='word_1_208' title='bbox 736 2884 906 2944; x_wconf 86' lang='lat' dir='ltr'><strong>quocunqne</strong></span> <span class='ocrx_word' id='word_1_209' title='bbox 925 2869 1039 2926; x_wconf 89' lang='lat' dir='ltr'><strong>tandem</strong></span> <span class='ocrx_word' id='word_1_210' title='bbox 1059 2867 1144 2926; x_wconf 89' lang='lat' dir='ltr'><strong>modo</strong></span> <span class='ocrx_word' id='word_1_211' title='bbox 1170 2868 1274 2926; x_wconf 85' lang='lat' dir='ltr'><strong>conti-</strong></span> 
     </span>
     <span class='ocr_line' id='line_1_25' title="bbox 202 2967 1272 3047; baseline 0.001 -20"><span class='ocrx_word' id='word_1_212' title='bbox 202 2968 280 3046; x_wconf 78' lang='lat' dir='ltr'><strong>gerit</strong></span> <span class='ocrx_word' id='word_1_213' title='bbox 294 2967 416 3046; x_wconf 89' lang='lat' dir='ltr'><strong>homini,</strong></span> <span class='ocrx_word' id='word_1_214' title='bbox 436 2969 546 3030; x_wconf 73' lang='lat' dir='ltr'><strong>Marta</strong></span> <span class='ocrx_word' id='word_1_215' title='bbox 562 2970 679 3047; x_wconf 88' lang='grc'><strong><em>16,17.</em></strong></span> <span class='ocrx_word' id='word_1_216' title='bbox 700 2973 817 3034; x_wconf 72' lang='lat' dir='ltr'><strong>noan</strong></span> <span class='ocrx_word' id='word_1_217' title='bbox 830 2973 883 3046; x_wconf 91' lang='grc'><strong>16,</strong></span> <span class='ocrx_word' id='word_1_218' title='bbox 894 2971 948 3030; x_wconf 85' lang='grc'><strong>26.</strong></span> <span class='ocrx_word' id='word_1_219' title='bbox 971 2971 1039 3032; x_wconf 76' lang='lat' dir='ltr'><strong>Gai</strong></span> <span class='ocrx_word' id='word_1_220' title='bbox 1050 2971 1082 3045; x_wconf 84' lang='lat' dir='ltr'><strong>e,</strong></span> <span class='ocrx_word' id='word_1_221' title='bbox 1095 2971 1160 3047; x_wconf 79' lang='grc'><strong>26,</strong></span> <span class='ocrx_word' id='word_1_222' title='bbox 1182 2967 1272 3028; x_wconf 84' lang='lat' dir='ltr'><strong>eiua·-</strong></span> 
     </span>
     <span class='ocr_line' id='line_1_26' title="bbox 202 3069 1275 3150; baseline 0.002 -22"><span class='ocrx_word' id='word_1_223' title='bbox 202 3084 258 3146; x_wconf 83' lang='lat' dir='ltr'><strong>que</strong></span> <span class='ocrx_word' id='word_1_224' title='bbox 277 3069 485 3130; x_wconf 86' lang='lat' dir='ltr'><strong>incrementum</strong></span> <span class='ocrx_word' id='word_1_225' title='bbox 505 3072 605 3146; x_wconf 74' lang='lat' dir='ltr'><strong>mpla.</strong></span> <span class='ocrx_word' id='word_1_226' title='bbox 617 3070 648 3146; x_wconf 87' lang='lat'><strong>1,</strong></span> <span class='ocrx_word' id='word_1_227' title='bbox 662 3071 713 3130; x_wconf 88' lang='grc'><strong>17.</strong></span> <span class='ocrx_word' id='word_1_228' title='bbox 734 3074 863 3150; x_wconf 74' lang='lat' dir='ltr'><strong>Philipp.</strong></span> <span class='ocrx_word' id='word_1_229' title='bbox 875 3075 908 3149; x_wconf 75' lang='lat' dir='ltr'><strong>a,</strong></span> <span class='ocrx_word' id='word_1_230' title='bbox 920 3073 970 3130; x_wconf 85' lang='grc'><strong>16.</strong></span> <span class='ocrx_word' id='word_1_231' title='bbox 992 3075 1021 3131; x_wconf 85' lang='lat' dir='ltr'><strong>et</strong></span> <span class='ocrx_word' id='word_1_232' title='bbox 1041 3087 1116 3146; x_wconf 85' lang='lat' dir='ltr'><strong>quae</strong></span> <span class='ocrx_word' id='word_1_233' title='bbox 1125 3071 1275 3130; x_wconf 90' lang='lat' dir='ltr'><strong>interdum</strong></span> 
     </span>
     <span class='ocr_line' id='line_1_27' title="bbox 201 3171 1276 3249; baseline 0.001 -21"><span class='ocrx_word' id='word_1_234' title='bbox 201 3171 251 3229; x_wconf 85' lang='lat' dir='ltr'><strong>rel</strong></span> <span class='ocrx_word' id='word_1_235' title='bbox 271 3173 412 3244; x_wconf 77' lang='lat' dir='ltr'><strong>Apostolo</strong></span> <span class='ocrx_word' id='word_1_236' title='bbox 431 3173 481 3230; x_wconf 82' lang='lat' dir='ltr'><strong>vel</strong></span> <span class='ocrx_word' id='word_1_237' title='bbox 499 3173 549 3231; x_wconf 86' lang='lat' dir='ltr'><strong>alii</strong></span> <span class='ocrx_word' id='word_1_238' title='bbox 569 3173 683 3232; x_wconf 85' lang='lat' dir='ltr'><strong>cuidem</strong></span> <span class='ocrx_word' id='word_1_239' title='bbox 702 3173 811 3234; x_wconf 85' lang='lat' dir='ltr'><strong>homini</strong></span> <span class='ocrx_word' id='word_1_240' title='bbox 838 3174 1001 3234; x_wconf 80' lang='lat' dir='ltr'><strong>Christiano</strong></span> <span class='ocrx_word' id='word_1_241' title='bbox 1026 3173 1120 3232; x_wconf 82' lang='lat' dir='ltr'><strong>subito</strong></span> <span class='ocrx_word' id='word_1_242' title='bbox 1146 3172 1276 3249; x_wconf 82' lang='lat' dir='ltr'><strong>contigit</strong></span> 
     </span>
     <span class='ocr_line' id='line_1_28' title="bbox 201 3271 1275 3350; baseline 0.002 -18"><span class='ocrx_word' id='word_1_243' title='bbox 201 3271 391 3350; x_wconf 79' lang='lat' dir='ltr'><strong>intelligentis</strong></span> <span class='ocrx_word' id='word_1_244' title='bbox 410 3273 567 3350; x_wconf 76' lang='lat' dir='ltr'><strong>singndnria</strong></span> <span class='ocrx_word' id='word_1_245' title='bbox 587 3275 625 3330; x_wconf 90' lang='lat' dir='ltr'><strong>ad</strong></span> <span class='ocrx_word' id='word_1_246' title='bbox 645 3289 694 3332; x_wconf 86' lang='lat' dir='ltr'><strong>res</strong></span> <span class='ocrx_word' id='word_1_247' title='bbox 720 3275 835 3334; x_wconf 83' lang='lat' dir='ltr'><strong>divinas</strong></span> <span class='ocrx_word' id='word_1_248' title='bbox 861 3277 1023 3350; x_wconf 86' lang='lat' dir='ltr'><strong>pertinens,</strong></span> <span class='ocrx_word' id='word_1_249' title='bbox 1049 3274 1191 3332; x_wconf 85' lang='lat' dir='ltr'><strong>eiusmodi</strong></span> <span class='ocrx_word' id='word_1_250' title='bbox 1210 3273 1275 3334; x_wconf 79' lang='lat' dir='ltr'><strong>lla-</strong></span> 
     </span>
     <span class='ocr_line' id='line_1_29' title="bbox 201 3367 1276 3453; baseline 0.001 -19"><span class='ocrx_word' id='word_1_251' title='bbox 201 3375 273 3434; x_wconf 83' lang='lat' dir='ltr'><strong>lens</strong></span> <span class='ocrx_word' id='word_1_252' title='bbox 292 3374 352 3432; x_wconf 82' lang='lat' dir='ltr'><strong>vim</strong></span> <span class='ocrx_word' id='word_1_253' title='bbox 372 3375 507 3434; x_wconf 85' lang='lat' dir='ltr'><strong>eximiam</strong></span> <span class='ocrx_word' id='word_1_254' title='bbox 534 3376 564 3432; x_wconf 89' lang='lat' dir='ltr'><strong>et</strong></span> <span class='ocrx_word' id='word_1_255' title='bbox 587 3377 835 3453; x_wconf 83' lang='lat' dir='ltr'><strong>perspicuitatem,</strong></span> <span class='ocrx_word' id='word_1_256' title='bbox 865 3393 939 3450; x_wconf 86' lang='lat' dir='ltr'><strong>qnae</strong></span> <span class='ocrx_word' id='word_1_257' title='bbox 966 3367 1091 3435; x_wconf 86' lang='lat' dir='ltr'><strong>animuin</strong></span> <span class='ocrx_word' id='word_1_258' title='bbox 1115 3376 1276 3452; x_wconf 82' lang='lat' dir='ltr'><strong>insigniter</strong></span> 
     </span>
     <span class='ocr_line' id='line_1_30' title="bbox 202 3476 1274 3554; baseline 0.007 -21"><span class='ocrx_word' id='word_1_259' title='bbox 202 3476 374 3550; x_wconf 78' lang='lat' dir='ltr'><strong>percelleret</strong></span> <span class='ocrx_word' id='word_1_260' title='bbox 395 3479 631 3550; x_wconf 83' lang='lat' dir='ltr'><strong>converteretqne</strong></span> <span class='ocrx_word' id='word_1_261' title='bbox 650 3479 688 3535; x_wconf 83' lang='lat' dir='ltr'><strong>sd</strong></span> <span class='ocrx_word' id='word_1_262' title='bbox 705 3481 798 3538; x_wconf 79' lang='lat' dir='ltr'><strong>licum</strong></span> <span class='ocrx_word' id='word_1_263' title='bbox 815 3477 998 3538; x_wconf 84' lang='lat' dir='ltr'><strong>institutionis</strong></span> <span class='ocrx_word' id='word_1_264' title='bbox 1014 3482 1177 3554; x_wconf 83' lang='lat' dir='ltr'><strong>auctorem,</strong></span> <span class='ocrx_word' id='word_1_265' title='bbox 1200 3481 1274 3540; x_wconf 78' lang='grc'><strong><em>6161.</em></strong></span> 
     </span>
     <span class='ocr_line' id='line_1_31' title="bbox 202 3577 1272 3656; baseline 0.002 -18"><span class='ocrx_word' id='word_1_266' title='bbox 202 3581 234 3654; x_wconf 84' lang='grc'><strong><em>2,</em></strong></span> <span class='ocrx_word' id='word_1_267' title='bbox 245 3581 276 3638; x_wconf 84' lang='grc'><strong>2.</strong></span> <span class='ocrx_word' id='word_1_268' title='bbox 297 3579 325 3639; x_wconf 85' lang='lat'><strong>1.</strong></span> <span class='ocrx_word' id='word_1_269' title='bbox 339 3579 424 3639; x_wconf 76' lang='lat' dir='ltr'><strong>Cerr-</strong></span> <span class='ocrx_word' id='word_1_270' title='bbox 439 3577 496 3653; x_wconf 92' lang='grc'><strong>14,</strong></span> <span class='ocrx_word' id='word_1_271' title='bbox 508 3580 539 3636; x_wconf 92' lang='grc'><strong>6.</strong></span> <span class='ocrx_word' id='word_1_272' title='bbox 549 3580 601 3638; x_wconf 89' lang='grc'><strong>26.</strong></span> <span class='ocrx_word' id='word_1_273' title='bbox 613 3581 666 3638; x_wconf 78' lang='grc'><strong>26.</strong></span> <span class='ocrx_word' id='word_1_274' title='bbox 685 3582 735 3639; x_wconf 85' lang='grc' dir='ltr'><strong>ΙΙ.</strong></span> <span class='ocrx_word' id='word_1_275' title='bbox 750 3582 835 3641; x_wconf 78' lang='lat' dir='ltr'><strong>corr.</strong></span> <span class='ocrx_word' id='word_1_276' title='bbox 847 3581 899 3656; x_wconf 89' lang='grc'><strong>12,</strong></span> <span class='ocrx_word' id='word_1_277' title='bbox 913 3580 943 3639; x_wconf 92' lang='grc'><strong>1.</strong></span> <span class='ocrx_word' id='word_1_278' title='bbox 955 3585 988 3641; x_wconf 90' lang='grc'><strong>7.</strong></span> <span class='ocrx_word' id='word_1_279' title='bbox 1012 3581 1074 3638; x_wconf 76' lang='lat' dir='ltr'><strong>Cir.</strong></span> <span class='ocrx_word' id='word_1_280' title='bbox 1084 3579 1158 3638; x_wconf 84' lang='lat' dir='ltr'><strong>iiber</strong></span> <span class='ocrx_word' id='word_1_281' title='bbox 1169 3597 1272 3640; x_wconf 78' lang='lat' dir='ltr'><strong>mensa</strong></span> 
     </span>
     <span class='ocr_line' id='line_1_32' title="bbox 201 3676 1276 3759; baseline -0.004 -15"><span class='ocrx_word' id='word_1_282' title='bbox 201 3676 306 3754; x_wconf 64' lang='lat' dir='ltr'><strong>limfa</strong></span> <span class='ocrx_word' id='word_1_283' title='bbox 324 3683 400 3740; x_wconf 79' lang='lat' dir='ltr'><strong>dier</strong></span> <span class='ocrx_word' id='word_1_284' title='bbox 424 3680 561 3754; x_wconf 81' lang='lat' dir='ltr'><strong>liclipion</strong></span> <span class='ocrx_word' id='word_1_285' title='bbox 586 3683 653 3738; x_wconf 82' lang='lat' dir='ltr'><strong>ond</strong></span> <span class='ocrx_word' id='word_1_286' title='bbox 673 3682 784 3741; x_wconf 69' lang='lat' dir='ltr'><strong>etmel</strong></span> <span class='ocrx_word' id='word_1_287' title='bbox 807 3679 1150 3758; x_wconf 73' lang='lat' dir='ltr'><strong>offeredmoqeplnaden</strong></span> <span class='ocrx_word' id='word_1_288' title='bbox 1177 3683 1276 3759; x_wconf 71' lang='lat' dir='ltr'><strong>derso,</strong></span> 
     </span>
     <span class='ocr_line' id='line_1_33' title="bbox 204 3774 1275 3863; baseline 0.001 -22"><span class='ocrx_word' id='word_1_289' title='bbox 204 3781 299 3842; x_wconf 78' lang='grc'><strong><em>1826.</em></strong></span> <span class='ocrx_word' id='word_1_290' title='bbox 318 3798 350 3856; x_wconf 81' lang='lat' dir='ltr'><strong>p.</strong></span> <span class='ocrx_word' id='word_1_291' title='bbox 362 3781 435 3840; x_wconf 88' lang='grc'><strong><em>112.</em></strong></span> <span class='ocrx_word' id='word_1_292' title='bbox 453 3794 517 3857; x_wconf 77' lang='lat' dir='ltr'><strong>app.</strong></span> <span class='ocrx_word' id='word_1_293' title='bbox 559 3781 641 3849; x_wconf 79' lang='grc'><strong><em>0666</em></strong></span> <span class='ocrx_word' id='word_1_294' title='bbox 655 3776 1114 3863; x_wconf 74' lang='lat' dir='ltr'><strong>h.l.dioiturniaouoiivtplr</strong></span> <span class='ocrx_word' id='word_1_295' title='bbox 1130 3774 1275 3855; x_wconf 74' lang='lat' dir='ltr'><strong>’Inoni</strong></span> 
     </span>
     <span class='ocr_line' id='line_1_34' title="bbox 203 3863 1276 3964; baseline -0.001 -21"><span class='ocrx_word' id='word_1_296' title='bbox 203 3882 269 3964; x_wconf 68' lang='lat' dir='ltr'><strong>xp.</strong></span> <span class='ocrx_word' id='word_1_297' title='bbox 290 3881 368 3943; x_wconf 84' lang='lat' dir='ltr'><strong>haud</strong></span> <span class='ocrx_word' id='word_1_298' title='bbox 388 3881 474 3941; x_wconf 81' lang='lat' dir='ltr'><strong>dublo</strong></span> <span class='ocrx_word' id='word_1_299' title='bbox 493 3885 645 3957; x_wconf 69' lang='lat' dir='ltr'><strong>unumque</strong></span> <span class='ocrx_word' id='word_1_300' title='bbox 672 3885 886 3960; x_wconf 82' lang='lat' dir='ltr'><strong>complectitur,</strong></span> <span class='ocrx_word' id='word_1_301' title='bbox 919 3863 1013 3957; x_wconf 74' lang='lat' dir='ltr'><strong>nerine</strong></span> <span class='ocrx_word' id='word_1_302' title='bbox 1036 3882 1075 3940; x_wconf 88' lang='lat' dir='ltr'><strong>ad</strong></span> <span class='ocrx_word' id='word_1_303' title='bbox 1101 3882 1174 3940; x_wconf 91' lang='lat' dir='ltr'><strong>illud</strong></span> <span class='ocrx_word' id='word_1_304' title='bbox 1201 3887 1276 3942; x_wconf 88' lang='lat' dir='ltr'><strong>tan-</strong></span> 
     </span>
     <span class='ocr_line' id='line_1_35' title="bbox 202 3979 1274 4060; baseline 0.004 -20"><span class='ocrx_word' id='word_1_305' title='bbox 202 3984 262 4040; x_wconf 88' lang='lat' dir='ltr'><strong>tmn</strong></span> <span class='ocrx_word' id='word_1_306' title='bbox 287 3983 408 4058; x_wconf 85' lang='lat' dir='ltr'><strong>respicit</strong></span> <span class='ocrx_word' id='word_1_307' title='bbox 433 3987 567 4043; x_wconf 86' lang='lat' dir='ltr'><strong>eventum</strong></span> <span class='ocrx_word' id='word_1_308' title='bbox 592 3985 725 4060; x_wconf 79' lang='lat' dir='ltr'><strong>insigne,</strong></span> <span class='ocrx_word' id='word_1_309' title='bbox 745 4000 801 4058; x_wconf 85' lang='lat' dir='ltr'><strong>quo</strong></span> <span class='ocrx_word' id='word_1_310' title='bbox 827 3985 936 4044; x_wconf 86' lang='lat' dir='ltr'><strong>Paulos</strong></span> <span class='ocrx_word' id='word_1_311' title='bbox 956 3986 996 4044; x_wconf 86' lang='lat' dir='ltr'><strong>ad</strong></span> <span class='ocrx_word' id='word_1_312' title='bbox 1024 3979 1171 4044; x_wconf 79' lang='lat' dir='ltr'><strong>Christum</strong></span> <span class='ocrx_word' id='word_1_313' title='bbox 1194 3999 1274 4044; x_wconf 91' lang='lat' dir='ltr'><strong>enn-</strong></span> 
     </span>
     <span class='ocr_line' id='line_1_36' title="bbox 202 4084 1275 4164; baseline 0.006 -24"><span class='ocrx_word' id='word_1_314' title='bbox 202 4097 306 4142; x_wconf 83' lang='lat' dir='ltr'><strong>rersus</strong></span> <span class='ocrx_word' id='word_1_315' title='bbox 331 4089 377 4144; x_wconf 90' lang='lat' dir='ltr'><strong>est</strong></span> <span class='ocrx_word' id='word_1_316' title='bbox 410 4085 514 4147; x_wconf 75' lang='grc'><strong><em>616.</em></strong></span> <span class='ocrx_word' id='word_1_317' title='bbox 539 4084 788 4164; x_wconf 78' lang='lat' dir='ltr'><strong>Aclt.9,1-9.</strong></span> <span class='ocrx_word' id='word_1_318' title='bbox 816 4087 1022 4163; x_wconf 89' lang='grc'><strong><em>22,6-16.,</em></strong></span> <span class='ocrx_word' id='word_1_319' title='bbox 1047 4085 1102 4144; x_wconf 88' lang='lat' dir='ltr'><strong>sed</strong></span> <span class='ocrx_word' id='word_1_320' title='bbox 1122 4086 1211 4145; x_wconf 86' lang='lat' dir='ltr'><strong>etiam</strong></span> <span class='ocrx_word' id='word_1_321' title='bbox 1231 4087 1275 4146; x_wconf 89' lang='lat' dir='ltr'><strong>ad</strong></span> 
     </span>
     <span class='ocr_line' id='line_1_37' title="bbox 203 4183 1272 4265; baseline 0.002 -21"><span class='ocrx_word' id='word_1_322' title='bbox 203 4183 374 4244; x_wconf 80' lang='lat' dir='ltr'><strong>invisibilem</strong></span> <span class='ocrx_word' id='word_1_323' title='bbox 400 4187 456 4246; x_wconf 84' lang='lat' dir='ltr'><strong>liet</strong></span> <span class='ocrx_word' id='word_1_324' title='bbox 480 4189 510 4246; x_wconf 91' lang='lat' dir='ltr'><strong>et</strong></span> <span class='ocrx_word' id='word_1_325' title='bbox 537 4187 646 4246; x_wconf 84' lang='lat' dir='ltr'><strong>Christi</strong></span> <span class='ocrx_word' id='word_1_326' title='bbox 671 4186 869 4265; x_wconf 78' lang='lat' dir='ltr'><strong>efficientiam,</strong></span> <span class='ocrx_word' id='word_1_327' title='bbox 895 4203 953 4262; x_wconf 84' lang='lat' dir='ltr'><strong>qua</strong></span> <span class='ocrx_word' id='word_1_328' title='bbox 972 4186 1090 4246; x_wconf 86' lang='lat' dir='ltr'><strong>iurante</strong></span> <span class='ocrx_word' id='word_1_329' title='bbox 1108 4189 1272 4262; x_wconf 77' lang='lat' dir='ltr'><strong>Apostolus</strong></span> 
     </span>
     <span class='ocr_line' id='line_1_38' title="bbox 204 4286 1271 4368; baseline -0.001 -22"><span class='ocrx_word' id='word_1_330' title='bbox 204 4288 326 4346; x_wconf 77' lang='grc'><strong><em>666166</em></strong></span> <span class='ocrx_word' id='word_1_331' title='bbox 346 4286 454 4348; x_wconf 77' lang='lat' dir='ltr'><strong>Christi</strong></span> <span class='ocrx_word' id='word_1_332' title='bbox 474 4292 504 4348; x_wconf 88' lang='lat' dir='ltr'><strong>et</strong></span> <span class='ocrx_word' id='word_1_333' title='bbox 523 4288 668 4368; x_wconf 75' lang='lat' dir='ltr'><strong>evangelii</strong></span> <span class='ocrx_word' id='word_1_334' title='bbox 692 4289 816 4350; x_wconf 88' lang='lat' dir='ltr'><strong>indolem</strong></span> <span class='ocrx_word' id='word_1_335' title='bbox 841 4288 965 4365; x_wconf 87' lang='lat' dir='ltr'><strong>penitius</strong></span> <span class='ocrx_word' id='word_1_336' title='bbox 991 4289 1154 4368; x_wconf 83' lang='lat' dir='ltr'><strong>perspexit,</strong></span> <span class='ocrx_word' id='word_1_337' title='bbox 1182 4305 1271 4367; x_wconf 76' lang='lat' dir='ltr'><strong>qnnnr</strong></span> 
     </span>
    </p>
   </div>
   <div class='ocr_carea' id='block_1_3' title="bbox 0 0 1360 4954">
    <p class='ocr_par' dir='ltr' id='par_1_3' title="bbox 0 0 1360 4954">
     <span class='ocr_line' id='line_1_39' title="bbox 0 0 1360 4954; baseline 0 1"><span class='ocrx_word' id='word_1_338' title='bbox 0 0 1360 4954; x_wconf 95' lang='lat' dir='ltr'><strong> </strong></span> 
     </span>
    </p>
   </div>
  </div>
 </body>
</html>
