2802 4956
244 419 296 488 20
608 416 927 506 Prolagomeus.

241 589 450 678 lustraverit,
471 589 707 680 Ephesumque
726 587 878 658 redierit.
922 589 1120 677 Quanquam
1144 609 1311 658 commen·

243 694 351 762 tarius
366 695 481 761 Lucae
498 694 587 760 haud
607 693 707 760 dnbio
727 714 794 759 non
815 695 858 759 de
880 690 1022 778 singulis
1044 692 1196 758 omnibus
1211 691 1313 758 Pauli
1380 701 1381 770 t

244 796 418 864 itineribus
451 795 629 882 exposuit,
660 815 792 884 nequeo
826 802 939 861 tamen
973 793 1054 860 mibi
1089 796 1313 879 persuadere,
1380 827 1381 876 t

243 898 442 984 scriptorem
476 919 506 964 c.
530 892 591 962 ll).
625 905 703 986 post
730 920 763 964 s.
783 893 847 962 ab.
879 894 1042 962 eiusmodi
1071 895 1137 962 iter
1164 895 1315 982 lougius,
1380 903 1381 976 g

243 998 342 1087 quale
371 998 585 1076 Schraderus
613 997 647 1064 h.
674 998 697 1064 l.
724 998 829 1066 inseri
856 997 982 1084 voluit,
1011 998 1148 1066 uivere
1167 997 1315 1064 accidis-
1380 1047 1381 1052 ι

244 1108 309 1186 set,
330 1123 373 1167 ue
395 1101 533 1167 verbulo
554 1100 685 1189 quidem
703 1099 915 1176 iudicandum
938 1100 1165 1167 existimasse.
1194 1098 1317 1168 Verba

244 1203 366 1289 quippe
387 1223 420 1268 v.
436 1199 500 1268 21.
521 1197 567 1281 ὡς
592 1205 626 1268 δὲ
646 1199 828 1293 ἐπληρώθη
854 1203 990 1269 ταῦτα
1015 1225 1104 1269 nexu
1131 1201 1316 1268 manifesto
1380 1195 1381 1276 J

244 1303 286 1368 iis
309 1303 509 1391 cohaerent,
531 1327 619 1394 qnae
641 1303 756 1372 Lucas
776 1328 810 1373 v.
827 1303 877 1370 17
890 1341 934 1354 -
947 1303 1006 1370 110.
1035 1310 1231 1389 monuerat,
1253 1305 1316 1370 do·
1380 1323 1381 1352 ³

244 1405 386 1470 utrinam
415 1406 551 1472 Domini
579 1407 667 1474 inter
694 1407 862 1498 Ephron
887 1427 1094 1493 magnopere
1124 1405 1315 1474 increvisse

244 1513 280 1573 et
305 1506 514 1594 invaluisse,
543 1508 709 1598 docetque
744 1509 889 1595 scriptor
915 1507 1030 1575 serbis
1066 1528 1158 1596 seqq.
1192 1529 1226 1575 v.
1245 1506 1314 1575 21.
1380 1513 1381 1560 3

243 1611 416 1698 usquead
442 1609 542 1676 finem
564 1610 705 1698 capitis,
731 1608 931 1696 Apostolum
961 1631 1050 1676 nuno
1078 1609 1232 1694 demum,
1258 1609 1316 1674 his
1380 1641 1381 1688 3

242 1711 409 1798 peractis,
443 1712 485 1778 de
512 1732 599 1779 novo
634 1712 778 1798 itinere,
812 1732 877 1800 quo
911 1731 974 1797 per
1003 1709 1240 1777 Macedoniam
1278 1720 1316 1778 et

242 1814 408 1880 Achaiam
425 1813 678 1896 Hierosolymas
696 1816 853 1882 tenderet
875 1813 953 1897 (cfr.
980 1835 1010 1880 c.
1031 1809 1095 1878 ab.
1109 1811 1190 1898 im),
1210 1812 1314 1879 immo
1380 1845 1381 1870 1

243 1916 285 1982 de
299 1914 373 2002 ipsa
385 1915 495 1981 Roma
507 1916 676 1984 visitanda
689 1916 872 2000 cogitasse,
886 1916 959 2000 sed,
980 1914 1173 2002 priusquam
1188 1915 1231 1980 ad
1245 1913 1316 1982 iter

243 2039 282 2082 se
304 2015 515 2102 accingeret,
543 2014 759 2083 Timotheum
782 2024 818 2083 et
844 2015 1004 2081 Erastum
1033 2018 1077 2082 ad
1104 2015 1315 2085 Macedones
1380 2005 1381 2098 J

243 2117 432 2202 legavisse,
459 2117 567 2204 ipsum
596 2139 678 2187 vero
707 2117 911 2207 aliquamdiu
939 2139 1040 2205 porro
1071 2117 1108 2210 in
1135 2117 1224 2185 Asia
1250 2119 1315 2184 mi·
1380 2119 1381 2208 J

243 2219 318 2284 nori
340 2217 551 2304 substitisse,
575 2219 694 2307 donec,
716 2220 903 2306 composito
925 2220 1083 2307 tumultu,
1105 2219 1163 2306 qni
1183 2218 1315 2307 Ephesi
1380 2249 1381 2296 1

228 2327 363 2390 ,contra
391 2319 533 2388 Paolum
560 2319 700 2411 eiusque
729 2322 869 2389 comites
898 2321 1067 2388 excitatus
1099 2319 1238 2408 luisset,
1267 2323 1314 2389 ab

243 2421 400 2510 Ephesiis
434 2413 638 2490 discederet.
687 2421 786 2490 llaec
819 2423 931 2488 omnia
963 2441 1118 2490 samone
1151 2423 1311 2492 continuo
1380 2417 1381 2456 ³

244 2523 293 2590 ita
315 2531 534 2610 enarrantur,
561 2532 601 2590 nt
622 2523 754 2591 omuino
776 2531 911 2612 pateat,
939 2522 1070 2617 laneam
1098 2523 1198 2612 plane
1225 2525 1313 2594 nihil
1380 2573 1381 2594 .

244 2634 453 2713 compertum
475 2623 636 2692 habuisse
658 2629 700 2692 de
721 2625 867 2711 longiori
889 2620 1033 2714 quodam
1053 2625 1153 2693 Pauli
1176 2626 1313 2715 itinere,
1380 2611 1381 2656 1

244 2734 368 2794 eventa
387 2751 420 2796 v.
447 2724 619 2795 17-20.
648 2736 808 2795 enarrata
834 2729 924 2795 inter
951 2735 1003 2814 et,
1032 2749 1119 2816 quae
1146 2727 1266 2795 deinde
1289 2753 1314 2796 a

242 2825 582 2917 matamorus,
611 2827 821 2915 interposito.
869 2830 1061 2919 Parumque
1090 2829 1315 2915 probabiliter
1380 2827 1381 2912 1

243 2930 377 3015 Lucas,
410 2931 466 2998 oui
499 2930 631 2996 omniuo
658 2952 717 2998 res
744 2929 845 2998 Pauli
879 2931 977 3022 inter·
994 2931 1161 3017 Ephesios
1192 2938 1314 3016 gestas

243 3031 348 3122 probe
370 3031 526 3120 cognitas
550 3031 657 3101 inisse
685 3055 716 3100 c.
742 3029 804 3101 19.
828 3032 947 3122 docet,
977 3032 1142 3099 eiusmodi
1168 3032 1248 3118 iter,
1278 3034 1313 3100 si
1380 3035 1381 3120 1

244 3157 326 3203 sere
348 3135 547 3223 accidisset,
575 3136 753 3222 ignorasse
772 3140 964 3224 putaturss).
1006 3138 1041 3223 e)
1064 3133 1161 3209 Quae
1182 3133 1315 3203 Paulus

244 3237 279 3306 J·
298 3235 467 3302 Thessali.
489 3259 520 3304 e.
535 3237 569 3303 1.
584 3235 621 3302 2.
644 3237 785 3323 dixerit,
812 3236 1007 3304 memoriam
1033 3235 1122 3302 illius
1149 3238 1314 3323 temporis

244 3329 419 3424 repetere,
452 3356 517 3421 quo
552 3339 674 3426 paitru
704 3343 779 3402 orbe
810 3336 1081 3404 Thessalonicae
1115 3347 1314 3407 serenetur

245 3437 351 3520 (Aca.
374 3459 404 3506 c.
421 3434 483 3503 17.
509 3436 572 3522 iu.)
591 3436 803 3504 Schraderus
820 3438 893 3524 ipse
917 3460 950 3525 p.
968 3436 1032 3506 66.
1055 3439 1221 3506 concedit.
1246 3442 1314 3508 At·

245 3549 378 3628 tamen,
406 3561 492 3628 quae
514 3561 544 3606 c.
560 3535 598 3604 3.
627 3537 672 3606 in.
700 3538 859 3626 leguntur
885 3542 928 3608 de
955 3539 1137 3609 Timotheo
1165 3541 1315 3610 Athenis
1380 3584 1381 3660 q

246 3639 517 3710 Thessalonicen
547 3638 662 3726 legato
693 3641 772 3729 (quo
802 3641 970 3709 desiderio
996 3640 1114 3729 Pauli,
1147 3645 1190 3710 da
1217 3651 1314 3715 statu
1380 3675 1381 3726 ι

245 3743 364 3810 horum
378 3741 645 3808 Christianorum
666 3741 813 3829 solliciti,
834 3743 1075 3833 quodammodo
1098 3723 1315 3832 satisfieret),
1380 3759 1381 3828 1

246 3849 444 3934 argumento
467 3842 589 3930 capitis
601 3842 630 3911 l.
648 3852 684 3912 et
699 3843 744 3910 ll.
765 3851 836 3912 tam
857 3852 952 3914 arcte
974 3851 1217 3912 connectuntur
1237 3849 1313 3928 (sd.
1380 3907 1381 3944 ,

315 4021 420 4081 dicha
438 3981 509 4085 quaa
530 4021 629 4072 contra
649 4019 764 4070 stultam
787 4017 900 4070 Gurttt
921 4020 1087 4072 sententian
1111 4019 1145 4072 de
1166 4019 1313 4072 tttnerthus

247 4103 326 4154 Pauli
331 4135 340 4169 ,
358 4117 429 4168 quae
445 4119 479 4158 eo
496 4109 620 4169 tempora
635 4105 809 4169 susceperit,
831 4114 884 4166 qno
900 4105 974 4156 tuter
989 4103 1123 4168 Ephesios
1145 4103 1312 4156 dontedtuur
1380 4095 1381 4104 ’

247 4189 376 4255 nuberet,
402 4191 430 4240 ιιι
446 4191 561 4256 nagoga
587 4198 651 4240 nea
672 4187 930 4242 historico-ortos·
954 4188 983 4240 tu
998 4188 1085 4242 libros
1106 4187 1141 4241 N·
1154 4187 1188 4241 lt.
1209 4199 1313 4242 mres

246 4287 273 4336 p.
289 4273 350 4324 281.
367 4273 463 4338 paucis
478 4273 605 4327 disserat.
