2726 4956
223 373 306 449 418
395 375 549 464 Epistola
569 376 613 442 ad
635 372 785 442 Galatas
808 373 919 442 ulli.
942 371 985 443 V.
1011 370 1128 444 1-o.

224 551 416 612 Posteriorern
441 551 563 609 maxime
584 551 775 625 commendet,
801 552 876 624 qnod
897 566 928 611 r.
942 549 971 607 Β.
985 549 1016 605 3.
1032 545 1061 604 n.
1084 549 1121 605 de
1140 547 1274 606 benefieiis

224 653 360 711 divinitus
379 655 506 726 acceptis
521 665 619 710 'sermo
640 655 698 726 est,
726 666 844 724 quorum
870 651 1059 726 magnitudini
1086 651 1275 722 exprimendae

223 771 289 813 voc.
312 755 453 814 τοσαῦτα
474 755 578 826 optime
597 753 726 810 inservit
769 751 1020 810 comminationem
1034 752 1109 810 baud
1125 751 1207 823 pauni
1219 751 1275 807 init

224 855 314 932 (cin.
335 855 574 932 baumgarten
602 855 742 928 Borger
768 855 865 911 Flatt
884 853 1080 930 Mattbies)
1106 851 1202 909 inesse
1224 868 1277 908 ro-

222 957 285 1014 lunt
304 957 483 1030 sequentibus
509 949 546 1015 εἶ’
561 973 600 1034 γι
620 951 684 1014 καὶ
706 952 791 1030 εἰκῆ
813 955 977 1028 supplentes
996 949 1114 1033 privos:
1135 953 1278 1009 dummodo

223 1062 332 1118 frustra
351 1061 458 1116 tantum
478 1055 551 1112 haee
572 1057 711 1115 beneficia
731 1057 919 1131 acceperitis,
939 1071 994 1112 neo
1015 1055 1088 1112 adeo
1110 1069 1175 1110 curn
1196 1054 1281 1110 detri-

223 1165 317 1218 mento
338 1159 476 1234 (poenam
497 1159 674 1215 incurrentes
691 1157 849 1234 divinamJi
891 1157 1056 1230 umqum
1077 1156 1219 1212 sententia
1238 1158 1282 1212 ni-

179 1290 181 1299 1
222 1259 265 1318 bil
282 1259 376 1332 hebet,
397 1260 426 1315 in
449 1275 503 1332 qun
525 1260 660 1332 oliendas,
679 1259 784 1315 vocula
802 1264 895 1315 brnen
915 1255 989 1330 καὶ,
1010 1257 1067 1313 linc
1086 1256 1197 1314 ratione
1215 1273 1283 1327 prn-

223 1363 304 1436 bata,
331 1376 431 1432 parum
454 1361 601 1418 commode
620 1359 720 1431 posita.
763 1358 934 1417 Observatio
955 1357 1134 1418 Rdokerti
1156 1356 1199 1428 roi
1222 1353 1284 1414 xci

224 1461 253 1520 h.
273 1462 293 1518 l.
315 1477 377 1519 cem
398 1461 457 1518 vim
477 1461 640 1535 tribuentis,
666 1465 698 1517 ut
718 1461 839 1518 eundem
858 1477 920 1518 rem
949 1475 1032 1533 quam
1051 1457 1177 1515 turmula
1204 1453 1237 1517 εἴ
1257 1477 1285 1535 ys

225 1579 278 1636 per
304 1579 337 1620 se
363 1567 492 1635 spectata
511 1567 644 1636 tanquam
671 1565 778 1618 certam
805 1562 988 1633 pronuntiare
1013 1559 1144 1616 videatur
1178 1560 1288 1615 dubinnr

141 1652 145 1661 ’
224 1664 340 1739 reddat,
368 1664 506 1735 exemplis
531 1663 715 1736 prebentibus
742 1663 910 1720 destituitur.
959 1660 1044 1738 [Alio
1069 1675 1160 1716 seusu
1187 1660 1289 1716 dicitur

225 1759 257 1824 εἷ’
272 1784 306 1841 ys
328 1759 385 1822 καὶ
405 1766 451 1822 ΙΙ.
461 1767 544 1824 Corr.
558 1768 591 1842 6,
603 1767 655 1824 3„-
677 1765 824 1838 siquidem,
845 1765 980 1839 punmriis
988 1762 1208 1834 deposuerimus
1220 1761 1288 1836 etc]

225 1865 308 1932 bnon
340 1863 530 1936 chrysost
559 1865 735 1923 'l'heodon
763 1864 959 1936 'lheophyl
989 1863 1131 1920 (lecum.
1165 1863 1288 1919 Ambr.

225 1965 400 2024 Calvinus
421 1963 507 2042 (alii)
528 1967 706 2037 praeierunt:
734 1967 760 2024 si
786 1982 857 2024 vere
883 1968 991 2023 trustra
1017 1964 1090 2021 haec
1109 1962 1197 2021 vobis
1219 1981 1291 2020 coir-

222 2069 364 2142 ligerunt,
390 2065 465 2139 prod
491 2067 569 2122 Deus
596 2067 718 2124 avenell
751 2067 918 2142 (etiamnum
944 2066 1116 2136 resipiscere
1142 2067 1294 2140 potestis).

224 2169 318 2240 aptius
339 2167 504 2224 conveniret
524 2167 645 2223 vocmnc
665 2161 761 2243 εἴπερ.
809 2167 955 2226 Mclnmus
984 2183 1049 2224 curn
1074 2164 1292 2222 Frilzsebio

225 2250 362 2344 sucat.
384 2269 413 2324 r.
447 2270 484 2325 ne
512 2270 862 2343 montispancerii
888 2271 923 2326 ι.
957 2271 998 2326 ιιι
1026 2271 1110 2326 corr.
1142 2281 1194 2340 ep.
1225 2271 1293 2326 ιοιιι

225 2369 310 2444 ilipa.
331 2369 425 2426 1823.
445 2386 476 2444 p.
495 2369 553 2426 64.
572 2368 640 2446 sp.)
661 2370 779 2426 verbum
800 2359 933 2428 incidere
954 2386 991 2426 er
1012 2367 1162 2425 antecedd.
1186 2369 1294 2440 duplici

225 2471 309 2529 modo
329 2470 542 2543 subintelligere
562 2471 601 2527 ad
621 2464 653 2529 εἴ
667 2489 700 2549 γι
719 2475 748 2527 et
768 2469 852 2544 εἰκῆ,
876 2473 1008 2542 unquam
1029 2468 1056 2528 si
1075 2470 1162 2542 plena
1189 2471 1295 2527 {bussei

225 2571 315 2629 oratio
335 2570 477 2645 Apostoli,
497 2569 606 2628 animos
625 2570 764 2628 lectorum
785 2571 822 2627 ad
841 2571 911 2626 illud
928 2568 995 2641 ιίκῆ
1017 2571 1140 2628 maxime
1161 2585 1294 2628 conver-

224 2677 286 2730 tere
307 2669 460 2743 cupientis:
488 2671 554 2748 (itu
574 2687 648 2728 anne
668 2671 733 2746 est)
759 2675 904 2748 siquidem
923 2686 992 2728 nere
1012 2675 1170 2744 acceptans
1203 2675 1294 2731 beur-

223 2772 294 2848 1icic
320 2786 455 2850 mauric,
483 2776 587 2831 endem
608 2771 737 2849 (umen)
755 2770 894 2850 frustra,
915 2772 941 2828 si
960 2772 1037 2847 logis
1056 2771 1135 2831 Mos.
1157 2774 1294 2832 necessi-

225 2879 311 2932 tatem
330 2873 431 2931 iterum
452 2873 581 2949 urgeatis
602 2873 695 2948 (qnod
715 2875 840 2933 breviter
853 2874 897 2930 sic
912 2875 1041 2932 effertur:
1061 2874 1209 2947 siquidem
1226 2878 1295 2932 adeo

226 2977 335 3034 frustm
354 2975 532 3054 accepistis).
574 2975 666 3044 Quum
677 2975 783 3032 Paulus
803 2975 1004 3031 adiicientes
1023 2964 1213 3046 perpendere
1234 2978 1297 3035 ius-

227 3076 327 3151 sisset,
353 3089 435 3147 quam
454 3075 579 3148 ineptum
605 3082 634 3134 et
652 3077 767 3148 inpium
788 3053 891 3151 roret,⁸
906 3075 1007 3132 relicto
1032 3077 1108 3132 statu
1135 3084 1298 3149 praestan-

226 3176 291 3234 tiori
315 3175 412 3232 redire
431 3175 468 3232 ad
488 3177 671 3252 deteriorem,
696 3181 805 3234 ilerum
829 3177 997 3235 adnectebat
1023 3177 1300 3253 interrogationem,

228 3275 469 3350 quaCbristianos
489 3293 576 3350 supra
596 3293 625 3334 r.
642 3276 671 3334 a.
693 3279 876 3352 excitaverat,
897 3283 927 3335 ul
947 3280 1149 3349 profiterentur
1171 3295 1212 3337 se
1233 3281 1298 3336 olirn

227 3375 376 3434 transiisse
405 3377 436 3433 in
465 3380 568 3434 datum
595 3379 795 3448 perfectiorem
822 3393 874 3451 per
900 3377 985 3434 ntem
1011 3377 1128 3436 cbristo
1155 3379 1300 3450 habitam,

227 3475 418 3535 renuntiantes
437 3477 497 3551 legi
516 3477 673 3552 Moesicae,
694 3497 722 3537 v.
742 3479 772 3536 b.
802 3471 846 3540 ‘0
865 3467 934 3539 οὖν
955 3475 1224 3557 ἐπιχορηγῶν
1247 3493 1300 3537 etc.

101 3653 106 3666 ι
228 3578 321 3637 Verbi
341 3577 377 3634 de
397 3593 430 3634 re
450 3579 566 3635 scenica
585 3583 712 3637 veterum
732 3579 860 3651 usurpati
877 3586 1065 3659 χορηγεῖν
1089 3581 1150 3656 (pr.
1173 3583 1304 3642 chorum

229 3679 353 3757 ducere]
379 3683 544 3750 potestatem
570 3680 646 3749 apud
673 3683 772 3738 cidens
797 3663 950 3752 sc‘riptor‘es
976 3683 1096 3738 maxime
1131 3681 1303 3740 sollennen

230 3784 338 3839 oonsnt
357 3778 432 3837 lianc
453 3781 557 3837 finisse:
586 3781 708 3841 utimum
734 3784 927 3839 instrueres.
955 3786 1108 3841 adornare
1111 3826 1124 3860 ,
1157 3789 1192 3842 et
1223 3787 1302 3842 deli-

230 3883 334 3955 gendis
354 3896 390 3938 nc
409 3897 461 3954 per
481 3877 965 3959 ariidoernixopcdrdoinxcinv)
997 3883 1166 3943 erudiendis
1197 3886 1302 3944 borni-

230 3983 321 4056 nibus,
341 3983 387 4054 qui
407 3987 472 4054 apte
491 3984 521 4039 in
540 3997 655 4040 sconarn
676 3983 914 4058 producerentur,
934 3987 964 4040 et
983 3987 1120 4043 sumtibus
1140 3989 1303 4057 praeben-

231 4079 276 4136 dis
301 4081 339 4136 ad
364 4082 481 4140 chorum
507 4084 633 4140 vestibus
658 4084 770 4140 coronis
796 4083 915 4156 aliisque
935 4086 1019 4144 rebus
1044 4087 1213 4144 ornandum
1244 4102 1302 4142 ne-

231 4179 381 4258 cessaris,
407 4184 454 4241 vn.
481 4184 617 4271 respa
641 4186 815 4244 ιιιιιιιιιι.
835 4185 904 4268 ιιι,
920 4186 957 4266 4,
971 4187 1001 4246 a.
1029 4188 1133 4247 woir
1154 4191 1300 4265 procop.
